3200 5375
354 676 423 769 De
453 676 721 768 Sacramento
749 673 934 769 Ordinis,
1005 667 1007 674 ’
1099 694 1186 786 145
1284 758 1293 772 ,

187 807 470 930 Constitutioues
484 852 657 947 precinas.
688 854 723 925 iu
743 849 951 928 Dioecesaua
972 795 1183 933 Petri'Usrm·

134 936 246 1024 barrit
270 950 422 1049 Synodo
450 971 547 1026 anno
581 948 774 1041 millellmo„
793 946 1079 1047 quingentefimo
1113 972 1206 1022 no·-
1269 1036 1272 1042 Ι

133 1049 317 1148 nogesimo
328 1051 455 1138 oslavo
470 1050 726 1146 promulgatae,
745 1043 818 1126 Tit.
844 1053 882 1117 de
899 1054 1105 1118 Sacramenta
1119 1050 1182 1116 oi*
1248 1069 1271 1154 .'

133 1150 348 1243 diuis‚idem
363 1150 541 1226 stutuuutt
567 1203 588 1239 „
600 1206 622 1240 „
649 1150 768 1225 Sciant
780 1163 853 1225 tam
871 1149 1045 1244 regulares
1062 1163 1181 1244 ouant

133 1252 311 1329 saeculares
334 1246 480 1331 Clerici,
501 1251 658 1340 quiante
678 1264 818 1324 aetatem
839 1249 1032 1343 legitimam
1052 1249 1095 1322 ad
1114 1246 1181 1320 sm·

135 1355 244 1450 gulos
258 1349 371 1425 sacros
385 1344 540 1426 Ordines
552 1350 883 1438 promovebuntur,
899 1360 961 1423 aut
977 1349 1080 1421 etiam
1096 1348 1179 1443 qui,

107 1474 222 1537 ‚cum
255 1472 301 1524 ex
331 1450 419 1524 urbe
456 1446 509 1522 vel
544 1445 700 1523 Dioecesr
719 1451 859 1524 Acerina
901 1446 1044 1522 oriundi
1076 1444 1181 1531 suut,

138 1551 270 1648 absone
294 1547 457 1643 legitimis
480 1543 687 1622 Dimissoriis
713 1546 893 1622 abelleno
924 1543 1098 1642 Episcopo
1120 1544 1183 1621 ali·

137 1672 247 1750 quem
271 1671 316 1723 ex
334 1645 413 1742 ipsis
433 1643 531 1721 sacris
552 1642 748 1724 Ordinibus
767 1649 989 1742 acceperint,
1004 1642 1072 1719 sea
1094 1666 1183 1740 prae·
1226 1683 1230 1689 ·
1271 1643 1278 1664 ''

136 1750 316 1825 diciorum
338 1747 505 1821 ordinum
520 1744 733 1822 executione
744 1746 819 1840 ipso
833 1747 910 1839 jure
922 1742 1096 1840 suspensos
1113 1741 1182 1819 ello

136 1872 185 1927 ex
211 1844 260 1923 Pu
279 1846 322 1922 ll.
351 1845 532 1921 Pontilicls
560 1844 824 1929 Constitutione
850 1890 918 1935 ,‚„.

189 1946 355 2047 synodus
384 1943 632 2023 Cremonensis
666 1948 775 2040 prima
805 1942 866 2021 sub
888 1939 1007 2026 Caesm
1028 1941 1182 2030 «sittim

136 2032 316 2144 Episcopo
348 2044 519 2121 celebrata
554 2066 649 2140 auno
677 2041 862 2121 millesimo
896 2039 1184 2140 quingentesimo

139 2143 372 2242 nonagesimo
395 2168 508 2220 nouo·
536 2142 607 2220 Tit.
637 2146 691 2216 De
709 2143 781 2228 his,
796 2166 862 2240 quae
875 2150 1043 2238 pertinens
1061 2146 1101 2209 ad
1125 2146 1183 2210 Se·

140 2244 510 2327 carmentriacensis,
534 2246 579 2319 ita
594 2242 775 2320 decernit:
798 2291 855 2337 „,‚
882 2242 1089 2339 Apostolico
1109 2239 1185 2316 De·

142 2358 246 2422 creto
265 2340 454 2420 sanclilsimi
471 2340 623 2420 Domini
638 2335 745 2420 nostri
768 2345 967 2431 (clementis
980 2343 1079 2413 Vm.
1094 2340 1108 2423 l
1123 2340 1185 2417 sub

139 2447 197 2522 die
228 2462 283 2530 ις.
303 2444 422 2519 lliartii
444 2445 526 2519 anui
548 2442 717 2519 millesimi
735 2441 1005 2542 quingentesimi
1023 2463 1185 2536 nonages
1260 2523 1262 2527 ,

139 2529 217 2621 imi
239 2545 324 2621 texe
349 2542 472 2628 carto,
496 2544 596 2642 quoa
617 2545 652 2617 n
678 2542 747 2619 fine
770 2544 874 2637 nurus
898 2540 1034 2641 cynon
1059 2539 1186 2613 aeleri·

140 2644 265 2728 betur,
283 2641 509 2728 inherendo,
534 2642 761 2726 mandamus,
783 2666 827 2719 ne
846 2643 1015 2744 quispiam
1036 2638 1187 2734 cujusvis
1209 2697 1215 2712 .

144 2740 293 2821 Ordinis
315 2742 477 2836 regularis
509 2733 551 2816 ad
579 2744 670 2819 ullos
695 2739 851 2820 Ordines
881 2743 1088 2839 promoueri
1105 2739 1187 2836 pos-
1327 2787 1329 2789 .

144 2841 189 2918 fit
210 2857 309 2917 extra
332 2841 421 2917 hanc
443 2840 637 2918 Dioecesrm
665 2889 733 2933 ,‚,‚.
819 2929 822 2937 ,
935 2927 938 2933 .

139 3031 142 3036 ,
197 2938 364 3040 Synodus
389 2937 639 3038 Burdigalenses
665 2932 887 3037 provincialis
922 2931 983 3017 sub
1008 2930 1185 3019 Cardimll
1304 2993 1306 2997 -

142 3043 186 3112 de
214 3044 348 3110 Sournis
381 3040 550 3136 celebrata
585 3063 682 3116 auno
718 3040 901 3116 miilsfimo
932 3040 1188 3119 sexcentesimo

143 3137 317 3236 vigesimo
346 3155 495 3239 quarto,
518 3141 593 3218 Tit.
620 3143 659 3208 de
683 3141 831 3224 Ordine,
852 3163 882 3216 c.
910 3159 961 3214 12·
986 3187 1043 3232 „‚‚
1075 3141 1187 3232 supe·

145 3244 297 3316 rioribus
325 3243 343 3332 (
352 3237 487 3336 inquiri
514 3231 807 3315 monasteriorum
831 3278 841 3322 r
872 3243 907 3315 in
936 3244 1063 3334 quibus
1093 3239 1187 3319 Reli·

145 3336 237 3436 giosr
261 3337 389 3428 iliram,
409 3341 445 3417 ds
467 3337 603 3416 lirnium
626 3341 874 3416 commorandi
895 3340 1010 3416 sedem
1032 3339 1180 3424 habenti

147 3440 380 3538 prohibemus
406 3490 416 3517 .
440 3463 485 3514 ue
513 3439 626 3514 literas
652 3436 862 3515 dimissorias
893 3432 1077 3536 Religiosis
1099 3441 1190 3527 fuiss

148 3554 193 3616 ut
213 3563 231 3614 a
256 3555 487 3635 quocumque
517 3538 745 3622 ordinentur,
766 3540 988 3621 concedant,
1009 3537 1065 3614 sed
1089 3563 1107 3616 a
1125 3540 1190 3615 sud

147 3627 349 3725 Pontifice,
368 3650 429 3715 eut
460 3637 503 3713 ub
535 3638 603 3713 alio
634 3629 679 3712 de
707 3638 780 3734 elus
804 3637 941 3714 licentia
970 3638 1189 3716 ordinandos
1270 3668 1274 3681 ’

148 3733 217 3814 elle
236 3736 408 3812 duntaxat
427 3729 669 3830 decernimus3
683 3762 743 3813 eos
755 3760 858 3820 uero,
873 3741 934 3834 qui
951 3761 1016 3829 pro
1028 3740 1192 3821 instituto

148 3837 194 3914 sd
215 3837 306 3912 varia
326 3836 502 3912 domicilla
520 3841 621 3911 certis
646 3851 851 3934 tempotum
869 3836 1060 3911 ‘interuallis
1078 3851 1191 3913 trans·

149 3930 329 4019 feruutur,
352 3957 434 4010 cum
449 3937 553 4011 literis
578 3934 847 4012 Provinciallum
870 3934 1013 4012 suorum
1037 3935 1191 4014 devoto

149 4024 347 4131 Religionis
366 4030 486 4110 emisso
509 4033 616 4109 fidem
630 4036 832 4111 facientibus
847 4031 909 4112 ‚ab
923 4031 1114 4112 Ordinatio
1138 4037 1192 4111 Ιοι

150 4138 203 4217 ci,
224 4138 256 4209 in
273 4155 346 4232 quo
363 4155 429 4232 pro
444 4154 606 4232 tempure
619 4133 776 4230 degunt,
795 4134 931 4209 admitti
948 4149 1083 4210 taurum
1103 4158 1194 4229 praes

151 4236 301 4328 cipimus
320 4238 364 4308 ab
384 4234 453 4308 aliis
477 4250 658 4333 uunquam·
675 4232 734 4312 nisi
758 4231 984 4309 Attellutione
1005 4239 1193 4319 praehabita
1283 4236 1285 4241 ’

152 4357 171 4409 a
197 4332 366 4410 Pontiflce
389 4333 477 4417 loci,
505 4334 561 4409 seu
592 4332 733 4408 Vicsriu
757 4335 908 4431 generali
938 4337 1192 4430 omonimum

154 4455 215 4509 cur
240 4435 335 4527 apud
357 4433 388 4509 se
405 4435 626 4532 nequiverint
648 4433 822 4528 ordinari,
841 4431 1065 4528 prohibeatur
1090 4479 1112 4521 a
1127 4475 1165 4523 „a

202 4530 385 4609 Generalis
414 4533 504 4610 Cleri
529 4535 686 4626 gallicani
712 4532 865 4609 Comitia
889 4553 983 4606 anno
1009 4532 1193 4608 millesimo

160 4621 407 4711 sexcentesimo
434 4633 604 4732 vigesimo
631 4637 758 4728 quinto
778 4633 977 4718 celebratas
996 4655 1069 4708 non
1095 4626 1196 4715 nisis

599 4727 683 4814 KQ
1065 4754 1145 4824 pro·

736 4866 760 4915 o
