3200 5375
91 186 655 438 -
893 302 902 313 h

400 707 473 812 De
498 713 767 806 Sacramenio
796 713 981 810 Ordinis.
1086 745 1089 752 ·
1133 739 1214 829 151
1256 700 1259 717 ¹

480 883 514 966 R
539 882 568 966 E
593 884 629 965 G
658 885 691 966 U
715 884 751 980 L,
774 888 805 968 Α
853 882 907 974 X·
1043 961 1045 964 ,

1296 971 1304 1014 l

168 1048 297 1142 Lirette
318 1040 518 1124 dimissoria
537 1024 777 1126 concedende
793 1068 869 1121 non
891 1045 970 1123 sunt
990 1044 1052 1123 nisi
1068 1068 1114 1122 ex
1128 1046 1218 1145 justa
1308 1080 1322 1147 g

220 1147 393 1233 casim&
419 1147 553 1243 praerio
576 1136 666 1221 illius
684 1148 848 1221 examine
866 1146 924 1223 cui
942 1148 1220 1232 conceduntur,

219 1273 289 1336 nec
309 1252 505 1345 generatim
540 1248 584 1322 ad
605 1268 730 1321 omnes
750 1301 762 1332 ‚
779 1246 836 1327 led
863 1249 1042 1349 speciatim
1065 1303 1077 1337 ,
1103 1271 1144 1328 ac
1166 1246 1220 1331 se.

220 1348 329 1429 orsam
350 1347 395 1424 ad
419 1345 577 1445 singulos
597 1343 767 1426 Ordines.
889 1413 891 1420 .

174 1504 481 1675 conciliorum
507 1501 666 1586 Decretis
689 1501 765 1580 haec
786 1504 906 1600 regula
930 1506 1074 1596 nititur,
1097 1508 1221 1602 impri·
1256 1489 1411 1590 Di‘fillff·

278 1609 344 1682 mis
360 1602 519 1683 Decreto
533 1602 685 1683 Concilii
696 1600 898 1684 Tridentini
925 1603 1068 1693 sesl23·
1093 1631 1169 1702 cap.
1186 1627 1221 1697 3.
1246 1575 1338 1647 Μ’·

174 1707 222 1791 de
240 1705 522 1795 Resornratione·
545 1763 567 1796 „
581 1761 603 1796 ,‚
631 1703 796 1802 Episcopi
822 1700 989 1798 (inquit)
1015 1731 1077 1805 per
1098 1707 1224 1788 semet·

173 1806 267 1907 ipsos
288 1805 441 1885 Ordines
460 1805 656 1886 conserant·
683 1803 797 1899 Quod
819 1805 844 1882 si
864 1807 1076 1904 aegritudine
1093 1807 1225 1891 suerint
1333 1894 1335 1897 ¹

175 1908 364 2004 impediti,
385 1906 541 1983 subditos
559 1904 639 1984 suos
658 1929 735 1981 non
755 1906 859 1991 ,aliter
879 1930 987 2004 quana
1002 1909 1075 2004 jam
1093 1911 1226 2005 proba.

176 2025 235 2090 ros
253 2058 264 2091 ‚
281 2010 317 2081 &
341 2010 583 2094 examinatus,
605 2004 650 2086 ad
669 2006 777 2085 allum
805 2004 1023 2107 Episcopum
1056 2002 1252 2091 ordinans

179 2111 249 2192 dos
278 2106 456 2183 dimittant
481 2160 502 2197 „
518 2154 555 2198 „a

232 2202 323 2287 Item
346 2204 498 2290 Concilii
524 2197 798 2290 Mediolanensrs
817 2221 852 2298 3.
888 2204 959 2284 Tit.
988 2208 1044 2278 De
1068 2209 1228 2302 simque

176 2309 346 2404 pertinent
357 2310 398 2375 ad
411 2309 543 2375 Ordinis
553 2312 793 2393 Sacramentum
806 2311 871 2382 ‚ita
884 2307 1081 2385 statuentiss
1095 2365 1116 2401 „
1126 2364 1147 2397 „
1166 2305 1229 2383 In·

178 2406 281 2489 firma
301 2402 519 2489 valetudiue.
539 2406 646 2481 aliave
657 2406 745 2502 justa
759 2400 856 2483 causa
873 2408 1062 2505 impeditus
1084 2406 1230 2507 Episco-

179 2504 549 2607 pussfistatass'acras
575 2503 829 2584 Ordinationes
852 2506 978 2583 habere
992 2531 1067 2585 nun
1089 2508 1229 2605 potest,
1277 2537 1279 2541 ⁴

180 2611 219 2686 ἃ
244 2606 397 2708 aliquem
418 2622 604 2703 propterea
627 2605 806 2689 Clericum
829 2605 929 2683 suunt
950 2607 994 2680 ad
1019 2607 1126 2689 alium
1147 2605 1233 2702 Epi·

184 2707 335 2803 scopum
360 2708 502 2782 mittere
526 2706 631 2789 velit,
649 2729 759 2803 aquo
783 2704 884 2784 alicui
902 2705 1130 2788 ecclesiastico
1157 2703 1231 2783 Or·

185 2808 261 2890 dini
285 2807 494 2883 adscribatur
510 2851 520 2880 a
538 2806 827 2882 testimonialibus
859 2806 962 2881 literis
989 2809 1020 2881 ei
1041 2805 1130 2881 datis
1153 2804 1232 2892 haec
1310 2827 1315 2847 ¹

183 2906 377 2990 adscribat,
397 2905 566 2982 &testata
586 2905 707 2996 faciam
727 2907 806 2990 virae
818 2907 1011 2999 imprimis,
1028 2909 1062 2980 St
1086 2928 1231 2985 morum

185 3008 399 3104 probitatem
412 3059 421 3089 ,
436 3006 633 3081 dotirinam
646 3060 657 3089 ,
670 3028 740 3101 qua
759 3006 909 3081 idoneus
924 3007 1086 3089 examine
1105 3005 1228 3080 habito

183 3107 359 3204 judicatus
380 3105 451 3198 esl;
471 3104 739 3200 ecclefiasticum
763 3103 962 3187 Ordinem,
980 3127 1055 3201 quo
1076 3103 1125 3180 est
1143 3112 1254 3201 pru:

185 3211 284 3284 xime
304 3206 478 3286 initiatus,
505 3222 583 3281 tum
608 3204 950 3302 praemanentes,
974 3224 1036 3281 aut
1059 3204 1234 3302 disp-ensa·

186 3310 322 3382 tionem
337 3355 348 3387 ‚
361 3302 385 3379 st
398 3327 506 3402 quam
526 3304 626 3400 super
643 3304 707 3379 illis
726 3307 942 3388 obtinueritt
960 3301 983 3388 ti
1000 3327 1085 3382 vero
1104 3296 1237 3398 majorl'

190 3402 321 3483 Ordini
344 3404 590 3480 adscribendus
614 3405 682 3490 est,
704 3421 842 3482 etatem
857 3408 964 3490 item,
984 3406 1020 3480 ἃ
1042 3402 1230 3481 Tituluma

190 3503 495 3601 sufficientemque
517 3503 658 3582 censum
683 3503 863 3588 beneficii,
883 3504 938 3579 vel
960 3501 1157 3600 penfionis,
1176 3499 1235 3580 rel

188 3600 430 3687 Pammeni,
456 3603 557 3698 quod
585 3603 643 3679 ille
670 3603 785 3679 habet.
819 3601 1052 3701 Quicumque
1076 3600 1234 3680 Clericus

187 3707 272 3782 non
298 3699 502 3799 hujusmodi
527 3701 640 3777 literar
671 3703 826 3780 attulerit
847 3757 857 3786 ,
877 3705 1003 3798 quibus
1034 3704 1153 3778 omnia
1177 3701 1238 3776 ad·

196 3803 354 3900 scripta,
379 3803 542 3879 testatave
567 3801 677 3882 fiants
695 3800 852 3882 ordini,
882 3804 939 3876 cui
969 3801 1111 3877 adscribi
1137 3800 1238 3888 vult,
1266 3827 1270 3833 ·

190 3926 239 3981 ne
263 3901 496 3984 adscribatur,
516 3902 662 4000 perinde
680 3924 722 3978 ac
744 3900 775 3977 st·
794 3901 904 3980 nuisas
932 3898 1095 3998 Episcopi
1110 3898 1160 3978 sui
1184 3883 1241 3977 di.

194 4000 365 4081 millerias
395 4002 509 4077 literas
531 4005 726 4096 impetrarit
750 4056 772 4092 „
791 4050 827 4091 „.

245 4101 398 4180 Concilii
419 4100 690 4176 Mediolanenfis
716 4120 751 4183 4,
774 4099 903 4176 eodem
933 4098 1007 4175 Tit.
1042 4155 1064 4190 ,,
1080 4154 1103 4189 ,‚
1138 4095 1240 4197 Saepe

190 4205 210 4296 (
218 4202 328 4296 inquit
335 4197 352 4283 l
378 4200 485 4289 istud.
499 4201 670 4301 facileque
690 4202 825 4280 evenit,
844 4218 884 4276 ut
905 4201 960 4275 vel
982 4198 1137 4276 hominis
1156 4221 1237 4277 mo·

191 4325 247 4378 res
271 4315 485 4383 mutentur,
509 4301 575 4378 trel¹
590 4300 690 4397 quod
710 4301 754 4374 de
779 4300 868 4376 illius
892 4303 961 4375 vita
992 4301 1109 4375 minus
1136 4317 1237 4380 autea
1385 4326 1390 4335 ·

190 4419 321 4479 notum
337 4458 348 4489 ,
366 4420 473 4505 atque
509 4400 737 4496 exploratum
764 4414 869 4476 erat,
898 4400 933 4473 id
968 4399 1087 4492 postea
1113 4397 1236 4494 aliquo

191 4501 308 4581 modo
331 4501 497 4597 patellam
523 4524 599 4596 quo
623 4499 679 4577 fit,
709 4514 748 4574 ut
779 4521 887 4594 quem
924 4497 1143 4592 Episcopus,
1169 4495 1237 4575 Su.

191 4608 357 4696 periorve
374 4601 570 4698 aliquando¹
591 4601 771 4694 probarit,
787 4602 1009 4695 dignumque
1032 4598 1236 4677 existimarit

189 4699 552 4803 maturrimum
574 4698 713 4899 Orff'ng
735 4700 881 4796 initian,
900 4700 1000 4797 isium
1016 4697 1130 4807 ipsum
1132 4694 1237 4882 ἱξοίὶ
