3200 5375
609 573 619 592 J
732 571 738 584 Ι

269 827 272 832 ,
352 727 421 822 Dc
446 726 716 819 Sacramento
746 726 933 828 Ordinis.¹
1109 681 1197 837 117¹

138 905 297 988 maxime
319 899 394 977 hoc
415 917 601 996 tempore.
624 898 819 989 difficilius,
845 899 1078 1004 laboriosus,
1095 902 1190 994 peri·

138 1005 294 1086 cuiosrus
316 999 504 1097 Episcopi,
535 1016 597 1082 aut
615 998 838 1100 Presbyteri,
853 1020 914 1078 aut
925 1085 927 1092 ,
938 999 1094 1077 Diaconi
1108 995 1188 1075 offi-

139 1112 222 1199 cio;
238 1103 294 1180 sed
321 1099 416 1197 apud
442 1099 561 1176 Deum
585 1100 670 1175 nihii
692 1103 848 1183 beatius,
868 1099 893 1177 fl
914 1103 959 1177 ἑο
992 1100 1107 1178 modo
1122 1101 1190 1174 mi·
1324 1177 1330 1198 ,

141 1208 287 1289 litetur,
306 1224 382 1306 quo
402 1198 518 1282 noster
533 1196 587 1274 lm
616 1214 731 1278 erator
751 1203 852 1296 jubet
875 1256 898 1294 „
914 1255 948 1294 ,‚.
1139 1195 1151 1226 ⁸

194 1313 227 1376 S.
241 1309 307 1375 Leo
321 1302 434 1379 Serm·
454 1320 508 1374 ιο.
522 1298 567 1373 de
577 1223 878 1401 &andragefimaz
894 1329 925 1391 ·„
940 1356 962 1391 ‚,
989 1295 1079 1374 Non
1092 1296 1189 1374 enim

142 1404 302 1485 summos
327 1417 465 1477 tantum
484 1399 659 1475 Antistites
672 1456 682 1486 ‚
694 1417 755 1476 aut
767 1400 908 1478 secundi
920 1400 1052 1474 ordinis
1069 1397 1191 1474 Sacer·

145 1509 271 1583 dotes,
288 1524 355 1577 nec
368 1499 461 1576 solos
478 1496 788 1576 Sacramentorum
813 1499 1018 1587 Ministros3
1031 1498 1088 1573 sed
1111 1519 1193 1573 om·

145 1632 193 1684 ne
217 1626 348 1701 corpus
375 1594 854 1699 Ecclesraesuniversumque
876 1596 1047 1677 Fidelium
1067 1613 1194 1674 nume-

143 1730 226 1783 rum
252 1751 261 1779 ‚
290 1705 334 1777 ab
354 1702 522 1777 omnibus
557 1701 922 1780 contaminationibus
950 1713 1099 1800 oportet
1126 1692 1195 1773 etia

146 1820 341 1907 purgatum
366 1843 436 1891 ‚„,·
668 1825 673 1842 “

197 1904 253 1982 Ex
279 1902 332 1980 his
359 1923 469 1997 porro
481 1898 625 1978 Petrum
639 1899 846 1978 testimoniis
869 1896 1094 1998 perspicuum
1116 1894 1195 1981 est.

148 2029 257 2099 quam
278 2001 367 2077 arsia
393 2000 433 2075 iit
459 2004 569 2079 trium
602 2000 745 2074 illorum
770 1996 953 2078 Ordinum
985 1998 1197 2081 connexio,
1320 2019 1323 2028 ·

147 2100 409 2200 Episcoporum
424 2101 575 2183 scilicet,
591 2097 884 2200 Presbyterorum
907 2153 919 2181 ‚
945 2095 1198 2178 Diaconorum

149 2207 187 2286 in
208 2199 413 2291 Hierarcbia
440 2199 677 2278 ecclesiastica.

376 2389 861 2474 ARTICULUS
911 2390 973 2471 11.

258 2549 341 2624 'De
367 2550 477 2620 variis
491 2549 709 2622 Sacerdotelis
734 2553 860 2621 ordinis
882 2543 1063 2628 Gredibur.

253 2708 390 2782 uamvis
417 2706 650 2789 sacerdotalis
671 2707 764 2784 ordo
790 2734 881 2787 unus
907 2707 949 2784 fit
970 2763 980 2794 ‚
1005 2709 1122 2785 varios
1145 2720 1199 2789 ta·
1274 2703 1401 2798 secundi

268 2828 350 2881 men
371 2806 577 2902 dignitatis,
605 2809 832 2902 &potestatis
844 2807 982 2885 Gradus
1007 2809 1124 2884 habet·
1225 2782 1405 2925 gfggssfa

200 2906 229 2982 Ι.
256 2903 390 2984 Primus
401 2908 449 2984 est
461 2931 585 2984 eorum
600 2964 609 2994 ,
625 2911 686 3009 qui
698 2906 1119 3005 Sacerdotessrmplicirer
1131 2929 1198 2982 vo·
1360 2902 1368 2924 ⁹

146 3020 277 3081 cantur
293 3052 301 3080 ‚
317 3002 387 3080 sive
414 3009 554 3083 secundi
578 3013 712 3083 ordinis
735 3008 944 3085 Sacerdotes
963 3060 982 3099 ,,
998 3009 1034 3083 &
1050 3006 1197 3110 Presby-

147 3107 237 3191 teri,
259 3104 304 3179 de
326 3108 454 3201 quibus
482 3125 511 3181 1.
529 3108 573 3182 ad
592 3107 827 3192 Timotheum
851 3128 882 3196 ς,
909 3107 990 3196 „Qui
1013 3105 1091 3177 bene
1114 3127 1198 3198 prae.

144 3201 221 3293 funt
245 3203 584 3300 Presbyteri‚drcpiici
605 3210 825 3304 honoredr'gni
843 3203 1199 3289 crebrantur-maxime
1323 3290 1340 3310 s

171 3308 205 3373 eri
229 3303 398 3392 laborant,
424 3311 460 3376 in
479 3305 600 3390 verbo,
619 3311 660 3380 (5
680 3306 880 3391 domine...
913 3309 1078 3398 Aduersus
1106 3316 1198 3378 Pres-

148 3325 299 3497 zyterum
320 3403 552 3492 accusationem
578 3409 643 3476 noli
672 3412 847 3500 racipere,
874 3406 935 3497 rrifi
957 3405 1017 3501 snb
1048 3405 1197 3491 duobus,

146 3523 208 3573 aret
236 3500 344 3575 tribur
367 3502 509 3584 testibus.
539 3505 581 3584 Et
601 3505 731 3605 Jacobs
744 3530 773 3596 5.
790 3505 988 3596 infirmatur
1004 3513 1075 3604 quic
1092 3513 1125 3578 r'n
1137 3534 1201 3578 vo..

146 3598 374 3675 histrionis
389 3603 592 3697 Presbyteros
613 3606 781 3695 Ecclesiae,
806 3613 876 3680 (ce.
904 3608 942 3684 ln
971 3635 1015 3684 eo
1041 3609 1120 3684 sunt
1141 3633 1201 3688 ot·

150 3703 235 3780 dine
257 3696 425 3790 Retio'res
450 3706 696 3799 parochiarum
719 3752 729 3783 2
744 3708 812 3784 five
828 3708 971 3792 Curari,
986 3713 1046 3805 qui
1063 3705 1201 3804 t'eptua·

149 3808 250 3901 ginta
265 3805 421 3881 duorum
434 3808 685 3902 discipolorum
701 3809 823 3885 locum
844 3814 877 3883 in
895 3806 1040 3887 Ecclesia
1055 3823 1199 3899 tenent,

137 3904 241 3978 ¹sicot
259 3903 418 4002 Episcopi
441 3907 717 4001 Apostolorum,
734 3927 772 3982 ut
798 3912 845 3982 air
865 3906 1066 3998 Teodutphus
1093 3911 1202 3984 Aure.
1295 3911 1299 3927 ⁸

150 4003 310 4077 lianeniis
330 4004 521 4103 Episcopus
542 4009 585 4083 ad
605 4006 670 4083 sure
703 4004 875 4085 Dioecefis
897 4008 1104 4084 Sacerdotes
1123 4007 1202 4082 scri-

148 4102 235 4177 bens
262 4126 272 4180 τ
296 4160 352 4195 ,,,,
399 4105 537 4181 Scitote
566 4107 717 4182 vestrum
744 4112 894 4202 gradum
927 4109 1048 4182 nostro
1075 4107 1202 4203 gradui

150 4201 342 4278 secundum
374 4251 383 4279 ‚
411 4208 444 4278 sir
470 4229 560 4299 pene
597 4210 832 4300 conjunctum
866 4203 942 4281 esse.
968 4207 1067 4282 Sicut
1107 4211 1204 4285 enim

150 4299 316 4401 Episcopi
339 4305 593 4401 Apostolorum
616 4310 648 4380 in
668 4306 837 4389 scelesta,
861 4309 906 4380 ita
926 4309 1089 4380 nimirum
1108 4305 1205 4380 Pres-

149 4402 264 4500 byteri
279 4423 490 4481 caeterorum
507 4404 756 4499 discipulorum
772 4405 920 4482 Domini
936 4410 1046 4480 vicem
1059 4421 1204 4486 tenent3

149 4503 184 4575 dr
201 4502 247 4576 illi
266 4519 389 4579 tenent
409 4507 559 4600 gradum
582 4506 705 4584 tiarnmi
724 4504 905 4582 l'ontificis
925 4510 1062 4581 Aaron.
1082 4508 1133 4580 isti
1148 4529 1208 4579 ve-

154 4626 196 4675 ro
220 4602 376 4680 filiorum
391 4609 476 4696 ejus·
503 4605 608 4681 Unde
632 4623 777 4705 oportet
808 4630 871 4681 ros
896 4603 1031 4701 semper
1051 4603 1116 4679 esse
1134 4629 1209 4681 me-

155 4726 273 4783 mores
301 4716 405 4782 tante
442 4708 626 4885 dignitarffl
641 4761 651 4792 ,
672 4730 848 4784 inertiores
875 4706 994 4784 restrae
1028 4705 1210 4781 consecra·
1337 4720 1341 4731 ·

651 4827 677 4906 4
1026 4822 1156 4891 tronis,
