<?xml version="1.0" encoding="UTF-8"?>
<!DOCTYPE html PUBLIC "-//W3C//DTD XHTML 1.0 Transitional//EN"
    "http://www.w3.org/TR/xhtml1/DTD/xhtml1-transitional.dtd">
<html xmlns="http://www.w3.org/1999/xhtml" xml:lang="en" lang="en">
 <head>
  <title>
</title>
<meta http-equiv="Content-Type" content="text/html;charset=utf-8" />
  <meta name='ocr-system' content='tesseract 3.04.00' />
  <meta name='ocr-capabilities' content='ocr_page ocr_carea ocr_par ocr_line ocrx_word'/>
</head>
<body>
  <div class='ocr_page' id='page_1' title='image "./theologiadogmat01alexgoog_0202.png"; bbox 0 0 3200 5375; ppageno 0'>
   <div class='ocr_carea' id='block_1_1' title="bbox 682 520 1519 544">
    <p class='ocr_par' dir='ltr' id='par_1_1' title="bbox 682 520 1519 544">
     <span class='ocr_line' id='line_1_1' title="bbox 682 520 1519 544; baseline -0.002 -10"><span class='ocrx_word' id='word_1_1' title='bbox 682 529 684 544; x_wconf 76' lang='grc' dir='ltr'>Ι</span> <span class='ocrx_word' id='word_1_2' title='bbox 1513 520 1519 532; x_wconf 64' lang='grc' dir='ltr'><strong>Χ</strong></span> 
     </span>
    </p>
   </div>
   <div class='ocr_carea' id='block_1_2' title="bbox 279 679 1214 819">
    <p class='ocr_par' dir='ltr' id='par_1_2' title="bbox 279 679 1214 819">
     <span class='ocr_line' id='line_1_2' title="bbox 279 679 1214 819; baseline 0.003 -19"><span class='ocrx_word' id='word_1_3' title='bbox 279 679 282 686; x_wconf 47' lang='grc'><strong>’</strong></span> <span class='ocrx_word' id='word_1_4' title='bbox 390 707 460 800; x_wconf 82' lang='lat' dir='ltr'>De</span> <span class='ocrx_word' id='word_1_5' title='bbox 487 710 758 803; x_wconf 73' lang='lat' dir='ltr'>sacramento</span> <span class='ocrx_word' id='word_1_6' title='bbox 789 713 975 812; x_wconf 60' lang='lat' dir='ltr'>Ordinlrl</span> <span class='ocrx_word' id='word_1_7' title='bbox 1125 737 1214 819; x_wconf 73' lang='lat'>209</span> 
     </span>
    </p>
   </div>
   <div class='ocr_carea' id='block_1_3' title="bbox 115 881 1416 1282">
    <p class='ocr_par' dir='ltr' id='par_1_3' title="bbox 115 881 1416 1282">
     <span class='ocr_line' id='line_1_3' title="bbox 115 881 1211 1058; baseline -0.005 -91"><span class='ocrx_word' id='word_1_8' title='bbox 115 957 119 967; x_wconf 86' lang='lat'>.</span> <span class='ocrx_word' id='word_1_9' title='bbox 158 881 316 1058; x_wconf 75' lang='lat' dir='ltr'>poffintd;</span> <span class='ocrx_word' id='word_1_10' title='bbox 340 882 572 981; x_wconf 85' lang='lat' dir='ltr'>antiquorum</span> <span class='ocrx_word' id='word_1_11' title='bbox 595 882 787 965; x_wconf 85' lang='lat' dir='ltr'>Canonum</span> <span class='ocrx_word' id='word_1_12' title='bbox 810 908 936 983; x_wconf 83' lang='lat' dir='ltr'>poenas</span> <span class='ocrx_word' id='word_1_13' title='bbox 955 884 1057 992; x_wconf 87' lang='lat' dir='ltr'>super</span> <span class='ocrx_word' id='word_1_14' title='bbox 1075 882 1131 962; x_wconf 86' lang='lat' dir='ltr'>lris</span> <span class='ocrx_word' id='word_1_15' title='bbox 1156 887 1211 962; x_wconf 90' lang='lat' dir='ltr'>in·</span> 
     </span>
     <span class='ocr_line' id='line_1_4' title="bbox 161 1005 1416 1197; baseline 0.006 -47"><span class='ocrx_word' id='word_1_16' title='bbox 161 1005 347 1171; x_wconf 51' lang='lat' dir='ltr'>nogipir</span> <span class='ocrx_word' id='word_1_17' title='bbox 361 1038 531 1175; x_wconf 50' lang='lat' dir='ltr'>’signanus</span> <span class='ocrx_word' id='word_1_18' title='bbox 555 1086 609 1159; x_wconf 81' lang='lat' dir='ltr'>vir</span> <span class='ocrx_word' id='word_1_19' title='bbox 634 1084 718 1179; x_wconf 88' lang='lat' dir='ltr'>juris</span> <span class='ocrx_word' id='word_1_20' title='bbox 742 1080 918 1163; x_wconf 84' lang='lat' dir='ltr'>Canonici</span> <span class='ocrx_word' id='word_1_21' title='bbox 938 1057 1416 1197; x_wconf 55' lang='lat' dir='ltr'>consultilsrmusnfffflmbi·</span> 
     </span>
     <span class='ocr_line' id='line_1_5' title="bbox 159 1181 1411 1282; baseline -0.004 -18"><span class='ocrx_word' id='word_1_22' title='bbox 159 1189 197 1264; x_wconf 91' lang='lat' dir='ltr'>in</span> <span class='ocrx_word' id='word_1_23' title='bbox 223 1207 252 1261; x_wconf 91' lang='lat' dir='ltr'>r.</span> <span class='ocrx_word' id='word_1_24' title='bbox 281 1207 318 1282; x_wconf 87' lang='lat' dir='ltr'>p.</span> <span class='ocrx_word' id='word_1_25' title='bbox 342 1183 419 1259; x_wconf 89' lang='lat' dir='ltr'>libri</span> <span class='ocrx_word' id='word_1_26' title='bbox 433 1203 466 1272; x_wconf 83' lang='lat'>3·</span> <span class='ocrx_word' id='word_1_27' title='bbox 499 1181 736 1265; x_wconf 84' lang='lat' dir='ltr'>Decretalium</span> <span class='ocrx_word' id='word_1_28' title='bbox 758 1185 804 1259; x_wconf 84' lang='lat' dir='ltr'>ad</span> <span class='ocrx_word' id='word_1_29' title='bbox 826 1207 903 1282; x_wconf 83' lang='lat' dir='ltr'>cap.</span> <span class='ocrx_word' id='word_1_30' title='bbox 932 1181 1131 1280; x_wconf 68' lang='lat' dir='ltr'>Episcopus,</span> <span class='ocrx_word' id='word_1_31' title='bbox 1153 1184 1208 1267; x_wconf 84' lang='lat' dir='ltr'>rit.</span> <span class='ocrx_word' id='word_1_32' title='bbox 1229 1201 1270 1274; x_wconf 81' lang='lat' dir='ltr'>est</span> <span class='ocrx_word' id='word_1_33' title='bbox 1293 1209 1411 1280; x_wconf 71' lang='lat' dir='ltr'>Titulus</span> 
     </span>
    </p>
   </div>
   <div class='ocr_carea' id='block_1_4' title="bbox 159 1277 1488 2380">
    <p class='ocr_par' dir='ltr' id='par_1_4' title="bbox 159 1277 1481 1783">
     <span class='ocr_line' id='line_1_6' title="bbox 160 1277 1412 1377; baseline -0.006 -20"><span class='ocrx_word' id='word_1_34' title='bbox 160 1288 202 1358; x_wconf 77' lang='lat' dir='ltr'>de</span> <span class='ocrx_word' id='word_1_35' title='bbox 224 1277 428 1371; x_wconf 65' lang='lat' dir='ltr'>prebendis,</span> <span class='ocrx_word' id='word_1_36' title='bbox 448 1284 491 1355; x_wconf 56' lang='grc' dir='ltr'>(ν</span> <span class='ocrx_word' id='word_1_37' title='bbox 511 1282 754 1377; x_wconf 70' lang='lat' dir='ltr'><em>dignitatibus,</em></span> <span class='ocrx_word' id='word_1_38' title='bbox 783 1284 901 1366; x_wconf 79' lang='lat' dir='ltr'>censet</span> <span class='ocrx_word' id='word_1_39' title='bbox 923 1340 946 1376; x_wconf 81' lang='lat'><strong>„</strong></span> <span class='ocrx_word' id='word_1_40' title='bbox 960 1341 982 1376; x_wconf 82' lang='lat'>‚‚</span> <span class='ocrx_word' id='word_1_41' title='bbox 1008 1282 1130 1361; x_wconf 75' lang='lat' dir='ltr'>Hodie</span> <span class='ocrx_word' id='word_1_42' title='bbox 1151 1284 1205 1358; x_wconf 86' lang='lat' dir='ltr'>so.</span> <span class='ocrx_word' id='word_1_43' title='bbox 1229 1287 1376 1377; x_wconf 71' lang='lat' dir='ltr'>legirimus</span> <span class='ocrx_word' id='word_1_44' title='bbox 1402 1307 1412 1354; x_wconf 77' lang='lat' dir='ltr'>r</span> 
     </span>
     <span class='ocr_line' id='line_1_7' title="bbox 160 1364 1367 1478; baseline -0.007 -16"><span class='ocrx_word' id='word_1_45' title='bbox 160 1386 238 1464; x_wconf 89' lang='lat' dir='ltr'>lum</span> <span class='ocrx_word' id='word_1_46' title='bbox 251 1382 462 1461; x_wconf 85' lang='lat' dir='ltr'>beneficium</span> <span class='ocrx_word' id='word_1_47' title='bbox 479 1380 545 1460; x_wconf 87' lang='lat' dir='ltr'>eise</span> <span class='ocrx_word' id='word_1_48' title='bbox 559 1383 703 1461; x_wconf 90' lang='lat' dir='ltr'>titulum</span> <span class='ocrx_word' id='word_1_49' title='bbox 724 1381 925 1478; x_wconf 85' lang='lat' dir='ltr'>legitimum</span> <span class='ocrx_word' id='word_1_50' title='bbox 944 1383 988 1461; x_wconf 86' lang='lat' dir='ltr'>ad</span> <span class='ocrx_word' id='word_1_51' title='bbox 1006 1383 1119 1461; x_wconf 86' lang='lat' dir='ltr'>sacros</span> <span class='ocrx_word' id='word_1_52' title='bbox 1134 1378 1207 1461; x_wconf 81' lang='lat' dir='ltr'>Or.</span> <span class='ocrx_word' id='word_1_53' title='bbox 1229 1364 1367 1455; x_wconf 69' lang='lat' dir='ltr'>Paterno,</span> 
     </span>
     <span class='ocr_line' id='line_1_8' title="bbox 159 1458 1415 1593; baseline -0.006 -30"><span class='ocrx_word' id='word_1_54' title='bbox 159 1486 284 1567; x_wconf 78' lang='lat' dir='ltr'>diuess</span> <span class='ocrx_word' id='word_1_55' title='bbox 301 1484 553 1562; x_wconf 82' lang='lat' dir='ltr'>Patrimonium</span> <span class='ocrx_word' id='word_1_56' title='bbox 569 1508 653 1559; x_wconf 89' lang='lat' dir='ltr'>vero</span> <span class='ocrx_word' id='word_1_57' title='bbox 668 1480 805 1558; x_wconf 91' lang='lat' dir='ltr'>nonnisr</span> <span class='ocrx_word' id='word_1_58' title='bbox 823 1482 1066 1580; x_wconf 82' lang='lat' dir='ltr'>dispensative,</span> <span class='ocrx_word' id='word_1_59' title='bbox 1081 1505 1208 1580; x_wconf 90' lang='lat' dir='ltr'>quem·</span> <span class='ocrx_word' id='word_1_60' title='bbox 1230 1458 1415 1593; x_wconf 55' lang='lat' dir='ltr'>ffiffl&#39;</span> 
     </span>
     <span class='ocr_line' id='line_1_9' title="bbox 160 1580 1481 1682; baseline -0.004 -19"><span class='ocrx_word' id='word_1_61' title='bbox 160 1584 360 1667; x_wconf 76' lang='lat' dir='ltr'>admodum</span> <span class='ocrx_word' id='word_1_62' title='bbox 388 1587 493 1658; x_wconf 87' lang='lat' dir='ltr'>etiam</span> <span class='ocrx_word' id='word_1_63' title='bbox 517 1584 597 1659; x_wconf 85' lang='lat' dir='ltr'>alias</span> <span class='ocrx_word' id='word_1_64' title='bbox 618 1582 809 1661; x_wconf 75' lang='lat' dir='ltr'>declaravit</span> <span class='ocrx_word' id='word_1_65' title='bbox 836 1580 928 1659; x_wconf 88' lang='lat' dir='ltr'>sacra</span> <span class='ocrx_word' id='word_1_66' title='bbox 957 1580 1106 1682; x_wconf 73' lang='lat' dir='ltr'>congre</span> <span class='ocrx_word' id='word_1_67' title='bbox 1134 1586 1206 1661; x_wconf 82' lang='lat' dir='ltr'>atio</span> <span class='ocrx_word' id='word_1_68' title='bbox 1229 1592 1329 1659; x_wconf 78' lang='lat' dir='ltr'>sative.</span> <span class='ocrx_word' id='word_1_69' title='bbox 1478 1606 1481 1618; x_wconf 71' lang='lat'><strong>¹</strong></span> 
     </span>
     <span class='ocr_line' id='line_1_10' title="bbox 160 1607 1206 1783; baseline -0.006 -21"><span class='ocrx_word' id='word_1_70' title='bbox 160 1682 318 1783; x_wconf 84' lang='lat' dir='ltr'>ejusdem</span> <span class='ocrx_word' id='word_1_71' title='bbox 341 1680 459 1765; x_wconf 85' lang='lat' dir='ltr'>Cone.</span> <span class='ocrx_word' id='word_1_72' title='bbox 494 1680 682 1778; x_wconf 83' lang='lat' dir='ltr'>lnterpres.</span> <span class='ocrx_word' id='word_1_73' title='bbox 723 1678 769 1760; x_wconf 85' lang='lat' dir='ltr'>Et</span> <span class='ocrx_word' id='word_1_74' title='bbox 787 1702 976 1782; x_wconf 86' lang='lat' dir='ltr'>propterea</span> <span class='ocrx_word' id='word_1_75' title='bbox 997 1607 1206 1774; x_wconf 64' lang='lat' dir='ltr'>Conciiium</span> 
     </span>
    </p>

    <p class='ocr_par' dir='ltr' id='par_1_5' title="bbox 160 1783 1207 1885">
     <span class='ocr_line' id='line_1_11' title="bbox 160 1783 1207 1885; baseline -0.013 -25"><span class='ocrx_word' id='word_1_76' title='bbox 160 1783 273 1866; x_wconf 74' lang='lat' dir='ltr'>utitur</span> <span class='ocrx_word' id='word_1_77' title='bbox 291 1783 355 1857; x_wconf 80' lang='lat' dir='ltr'>illis</span> <span class='ocrx_word' id='word_1_78' title='bbox 378 1785 513 1865; x_wconf 68' lang='lat' dir='ltr'>verbssx</span> <span class='ocrx_word' id='word_1_79' title='bbox 535 1786 685 1858; x_wconf 77' lang='lat' dir='ltr'>Statuit,</span> <span class='ocrx_word' id='word_1_80' title='bbox 710 1806 765 1852; x_wconf 84' lang='lat' dir='ltr'>nec</span> <span class='ocrx_word' id='word_1_81' title='bbox 790 1783 962 1876; x_wconf 81' lang='lat' dir='ltr'><em>deinceps,</em></span> <span class='ocrx_word' id='word_1_82' title='bbox 990 1808 1070 1885; x_wconf 82' lang='lat' dir='ltr'>quae</span> <span class='ocrx_word' id='word_1_83' title='bbox 1088 1784 1207 1860; x_wconf 81' lang='lat' dir='ltr'>osten·</span> 
     </span>
    </p>

    <p class='ocr_par' dir='ltr' id='par_1_6' title="bbox 160 1879 962 1979">
     <span class='ocr_line' id='line_1_12' title="bbox 160 1879 962 1979; baseline -0.009 -18"><span class='ocrx_word' id='word_1_84' title='bbox 160 1886 254 1963; x_wconf 83' lang='lat' dir='ltr'>dunt</span> <span class='ocrx_word' id='word_1_85' title='bbox 272 1883 363 1959; x_wconf 89' lang='lat' dir='ltr'>hanc</span> <span class='ocrx_word' id='word_1_86' title='bbox 378 1880 617 1958; x_wconf 71' lang='lat' dir='ltr'>provisionem</span> <span class='ocrx_word' id='word_1_87' title='bbox 643 1879 709 1959; x_wconf 82' lang='lat' dir='ltr'>esse</span> <span class='ocrx_word' id='word_1_88' title='bbox 732 1884 790 1979; x_wconf 89' lang='lat' dir='ltr'>jus</span> <span class='ocrx_word' id='word_1_89' title='bbox 813 1906 962 1960; x_wconf 82' lang='lat' dir='ltr'>norum.</span> 
     </span>
    </p>

    <p class='ocr_par' dir='ltr' id='par_1_7' title="bbox 163 1957 1488 2380">
     <span class='ocr_line' id='line_1_13' title="bbox 213 1957 1488 2100; baseline -0.005 -41"><span class='ocrx_word' id='word_1_90' title='bbox 213 1982 341 2067; x_wconf 64' lang='lat' dir='ltr'>Poenas</span> <span class='ocrx_word' id='word_1_91' title='bbox 362 1986 514 2081; x_wconf 86' lang='lat' dir='ltr'>antiquis</span> <span class='ocrx_word' id='word_1_92' title='bbox 536 1981 743 2059; x_wconf 87' lang='lat' dir='ltr'>Canonibus</span> <span class='ocrx_word' id='word_1_93' title='bbox 771 1982 855 2058; x_wconf 88' lang='lat' dir='ltr'>latas</span> <span class='ocrx_word' id='word_1_94' title='bbox 874 1981 1035 2061; x_wconf 87' lang='lat' dir='ltr'>adversus</span> <span class='ocrx_word' id='word_1_95' title='bbox 1052 1978 1208 2064; x_wconf 92' lang='lat' dir='ltr'>Ordina·</span> <span class='ocrx_word' id='word_1_96' title='bbox 1231 1957 1345 2097; x_wconf 43' lang='lat' dir='ltr'>¹&amp;ss</span> <span class='ocrx_word' id='word_1_97' title='bbox 1360 1958 1418 2100; x_wconf 46' lang='grc' dir='ltr'>εἱ</span> <span class='ocrx_word' id='word_1_98' title='bbox 1482 2044 1488 2053; x_wconf 93' lang='grc'>.</span> 
     </span>
     <span class='ocr_line' id='line_1_14' title="bbox 163 2080 1418 2181; baseline 0.002 -21"><span class='ocrx_word' id='word_1_99' title='bbox 163 2085 281 2160; x_wconf 89' lang='lat' dir='ltr'>tiones</span> <span class='ocrx_word' id='word_1_100' title='bbox 298 2081 425 2178; x_wconf 85' lang='lat' dir='ltr'>absque</span> <span class='ocrx_word' id='word_1_101' title='bbox 445 2081 550 2163; x_wconf 86' lang='lat' dir='ltr'>ritulo</span> <span class='ocrx_word' id='word_1_102' title='bbox 569 2081 685 2159; x_wconf 71' lang='lat' dir='ltr'>Cone.</span> <span class='ocrx_word' id='word_1_103' title='bbox 699 2080 798 2161; x_wconf 86' lang='lat' dir='ltr'>Trid.</span> <span class='ocrx_word' id='word_1_104' title='bbox 821 2088 1030 2172; x_wconf 86' lang='lat' dir='ltr'>renovavit;</span> <span class='ocrx_word' id='word_1_105' title='bbox 1048 2106 1123 2181; x_wconf 89' lang='lat' dir='ltr'>quo</span> <span class='ocrx_word' id='word_1_106' title='bbox 1141 2103 1209 2158; x_wconf 85' lang='lat' dir='ltr'>no·</span> <span class='ocrx_word' id='word_1_107' title='bbox 1231 2110 1332 2178; x_wconf 79' lang='lat' dir='ltr'>versus</span> <span class='ocrx_word' id='word_1_108' title='bbox 1352 2131 1418 2173; x_wconf 66' lang='lat' dir='ltr'>ar.</span> 
     </span>
     <span class='ocr_line' id='line_1_15' title="bbox 164 2180 1468 2283; baseline -0.012 -24"><span class='ocrx_word' id='word_1_109' title='bbox 164 2186 262 2261; x_wconf 89' lang='lat' dir='ltr'>mine</span> <span class='ocrx_word' id='word_1_110' title='bbox 284 2205 357 2258; x_wconf 90' lang='lat' dir='ltr'>non</span> <span class='ocrx_word' id='word_1_111' title='bbox 388 2180 502 2258; x_wconf 91' lang='lat' dir='ltr'>solum</span> <span class='ocrx_word' id='word_1_112' title='bbox 524 2182 769 2275; x_wconf 77' lang='lat' dir='ltr'>intelliguntur</span> <span class='ocrx_word' id='word_1_113' title='bbox 798 2204 920 2258; x_wconf 86' lang='lat' dir='ltr'>canon</span> <span class='ocrx_word' id='word_1_114' title='bbox 944 2186 1144 2267; x_wconf 82' lang='lat' dir='ltr'>Neminem,</span> <span class='ocrx_word' id='word_1_115' title='bbox 1171 2184 1209 2260; x_wconf 67' lang='grc' dir='ltr'><strong>ἃ</strong></span> <span class='ocrx_word' id='word_1_116' title='bbox 1234 2188 1417 2277; x_wconf 50' lang='lat' dir='ltr'>diaetam&amp;</span> <span class='ocrx_word' id='word_1_117' title='bbox 1462 2266 1468 2283; x_wconf 33' lang='grc' dir='ltr'><strong><em>Ι</em></strong></span> 
     </span>
     <span class='ocr_line' id='line_1_16' title="bbox 164 2264 1406 2380; baseline -0.002 -23"><span class='ocrx_word' id='word_1_118' title='bbox 164 2304 282 2357; x_wconf 83' lang='lat' dir='ltr'>canon</span> <span class='ocrx_word' id='word_1_119' title='bbox 301 2280 509 2365; x_wconf 70' lang='lat' dir='ltr'>sandinum,</span> <span class='ocrx_word' id='word_1_120' title='bbox 523 2283 598 2357; x_wconf 79' lang='lat' dir='ltr'>dili.</span> <span class='ocrx_word' id='word_1_121' title='bbox 620 2298 681 2375; x_wconf 89' lang='lat'>70.</span> <span class='ocrx_word' id='word_1_122' title='bbox 700 2281 829 2379; x_wconf 87' lang='lat' dir='ltr'>quibus</span> <span class='ocrx_word' id='word_1_123' title='bbox 851 2280 980 2380; x_wconf 89' lang='lat' dir='ltr'>absque</span> <span class='ocrx_word' id='word_1_124' title='bbox 1005 2281 1110 2360; x_wconf 92' lang='lat' dir='ltr'>titulo</span> <span class='ocrx_word' id='word_1_125' title='bbox 1137 2277 1211 2360; x_wconf 87' lang='lat' dir='ltr'>Or·</span> <span class='ocrx_word' id='word_1_126' title='bbox 1235 2264 1406 2325; x_wconf 71' lang='lat' dir='ltr'>ordrnrntea</span> 
     </span>
    </p>
   </div>
   <div class='ocr_carea' id='block_1_5' title="bbox 163 2338 1408 2480">
    <p class='ocr_par' dir='ltr' id='par_1_8' title="bbox 163 2338 1408 2480">
     <span class='ocr_line' id='line_1_17' title="bbox 163 2338 1408 2480; baseline -0.01 -20"><span class='ocrx_word' id='word_1_127' title='bbox 163 2382 315 2463; x_wconf 88' lang='lat' dir='ltr'>diuatia</span> <span class='ocrx_word' id='word_1_128' title='bbox 341 2380 439 2461; x_wconf 80' lang='lat' dir='ltr'>sacris</span> <span class='ocrx_word' id='word_1_129' title='bbox 460 2377 656 2459; x_wconf 87' lang='lat' dir='ltr'>Ordinibus</span> <span class='ocrx_word' id='word_1_130' title='bbox 687 2384 733 2458; x_wconf 82' lang='lat' dir='ltr'>ita</span> <span class='ocrx_word' id='word_1_131' title='bbox 767 2381 929 2480; x_wconf 83' lang='lat' dir='ltr'>susceptis</span> <span class='ocrx_word' id='word_1_132' title='bbox 951 2381 1026 2479; x_wconf 90' lang='lat' dir='ltr'>ipso</span> <span class='ocrx_word' id='word_1_133' title='bbox 1054 2384 1132 2476; x_wconf 86' lang='lat' dir='ltr'>jure</span> <span class='ocrx_word' id='word_1_134' title='bbox 1155 2380 1212 2459; x_wconf 76' lang='lat' dir='ltr'>su.</span> <span class='ocrx_word' id='word_1_135' title='bbox 1235 2339 1295 2409; x_wconf 50' lang='grc' dir='ltr'>ὡκ</span> <span class='ocrx_word' id='word_1_136' title='bbox 1309 2338 1408 2408; x_wconf 47' lang='grc' dir='ltr'>ᾗῃὼ·</span> 
     </span>
    </p>
   </div>
   <div class='ocr_carea' id='block_1_6' title="bbox 161 2477 1275 2581">
    <p class='ocr_par' dir='ltr' id='par_1_9' title="bbox 161 2477 1275 2581">
     <span class='ocr_line' id='line_1_18' title="bbox 161 2477 1275 2581; baseline -0.002 -21"><span class='ocrx_word' id='word_1_137' title='bbox 161 2477 406 2581; x_wconf 84' lang='lat' dir='ltr'>spenduntur;</span> <span class='ocrx_word' id='word_1_138' title='bbox 427 2480 482 2557; x_wconf 92' lang='lat' dir='ltr'>sed</span> <span class='ocrx_word' id='word_1_139' title='bbox 508 2485 613 2561; x_wconf 87' lang='lat' dir='ltr'>etiam</span> <span class='ocrx_word' id='word_1_140' title='bbox 637 2479 867 2579; x_wconf 74' lang='lat' dir='ltr'>Gregorianaa</span> <span class='ocrx_word' id='word_1_141' title='bbox 890 2480 1104 2567; x_wconf 68' lang='lat' dir='ltr'>decretales,</span> <span class='ocrx_word' id='word_1_142' title='bbox 1128 2504 1208 2577; x_wconf 84' lang='lat' dir='ltr'>cap.</span> <span class='ocrx_word' id='word_1_143' title='bbox 1272 2553 1275 2558; x_wconf 83' lang='lat'>.</span> 
     </span>
    </p>
   </div>
   <div class='ocr_carea' id='block_1_7' title="bbox 159 2577 1326 4361">
    <p class='ocr_par' dir='ltr' id='par_1_10' title="bbox 165 2577 1210 2677">
     <span class='ocr_line' id='line_1_19' title="bbox 165 2577 1210 2677; baseline -0.005 -27"><span class='ocrx_word' id='word_1_144' title='bbox 165 2588 245 2650; x_wconf 79' lang='lat' dir='ltr'>Cum</span> <span class='ocrx_word' id='word_1_145' title='bbox 263 2579 338 2672; x_wconf 74' lang='lat' dir='ltr'>jam</span> <span class='ocrx_word' id='word_1_146' title='bbox 361 2583 500 2667; x_wconf 77' lang='lat' dir='ltr'>dadum,</span> <span class='ocrx_word' id='word_1_147' title='bbox 517 2604 594 2677; x_wconf 81' lang='lat' dir='ltr'>cap.</span> <span class='ocrx_word' id='word_1_148' title='bbox 616 2586 700 2652; x_wconf 87' lang='lat' dir='ltr'>Non</span> <span class='ocrx_word' id='word_1_149' title='bbox 725 2584 825 2650; x_wconf 78' lang='lat' dir='ltr'>liceat</span> <span class='ocrx_word' id='word_1_150' title='bbox 839 2582 900 2663; x_wconf 70' lang='grc' dir='ltr'>,ἃ</span> <span class='ocrx_word' id='word_1_151' title='bbox 917 2603 996 2677; x_wconf 82' lang='lat' dir='ltr'>cap,</span> <span class='ocrx_word' id='word_1_152' title='bbox 1013 2577 1210 2673; x_wconf 77' lang='lat' dir='ltr'>Episcopus,</span> 
     </span>
    </p>

    <p class='ocr_par' dir='ltr' id='par_1_11' title="bbox 162 2677 1213 2879">
     <span class='ocr_line' id='line_1_20' title="bbox 162 2677 1213 2780; baseline -0.001 -21"><span class='ocrx_word' id='word_1_153' title='bbox 162 2684 219 2761; x_wconf 84' lang='lat' dir='ltr'>tir.</span> <span class='ocrx_word' id='word_1_154' title='bbox 241 2684 293 2752; x_wconf 87' lang='lat' dir='ltr'>De</span> <span class='ocrx_word' id='word_1_155' title='bbox 308 2677 509 2761; x_wconf 69' lang='lat' dir='ltr'>prebendisr</span> <span class='ocrx_word' id='word_1_156' title='bbox 528 2683 654 2780; x_wconf 90' lang='lat' dir='ltr'>quibus</span> <span class='ocrx_word' id='word_1_157' title='bbox 676 2679 860 2777; x_wconf 82' lang='lat' dir='ltr'>Episcopi.</span> <span class='ocrx_word' id='word_1_158' title='bbox 878 2682 939 2777; x_wconf 88' lang='lat' dir='ltr'>qui</span> <span class='ocrx_word' id='word_1_159' title='bbox 954 2680 1132 2758; x_wconf 91' lang='lat' dir='ltr'>Clericum</span> <span class='ocrx_word' id='word_1_160' title='bbox 1149 2680 1213 2758; x_wconf 87' lang='lat' dir='ltr'>ali·</span> 
     </span>
     <span class='ocr_line' id='line_1_21' title="bbox 164 2777 1213 2879; baseline 0.002 -23"><span class='ocrx_word' id='word_1_161' title='bbox 164 2805 273 2879; x_wconf 85' lang='lat' dir='ltr'>quem</span> <span class='ocrx_word' id='word_1_162' title='bbox 293 2781 420 2878; x_wconf 84' lang='lat' dir='ltr'>absque</span> <span class='ocrx_word' id='word_1_163' title='bbox 444 2781 555 2858; x_wconf 90' lang='lat' dir='ltr'>titulo·</span> <span class='ocrx_word' id='word_1_164' title='bbox 564 2781 608 2858; x_wconf 90' lang='lat' dir='ltr'>ad</span> <span class='ocrx_word' id='word_1_165' title='bbox 629 2782 743 2858; x_wconf 87' lang='lat' dir='ltr'>saeros</span> <span class='ocrx_word' id='word_1_166' title='bbox 757 2777 914 2858; x_wconf 88' lang='lat' dir='ltr'>Ordines</span> <span class='ocrx_word' id='word_1_167' title='bbox 937 2783 1213 2874; x_wconf 71' lang='lat' dir='ltr'>promomine,</span> 
     </span>
    </p>

    <p class='ocr_par' dir='ltr' id='par_1_12' title="bbox 159 2877 1326 3779">
     <span class='ocr_line' id='line_1_22' title="bbox 164 2877 1211 2979; baseline -0.003 -21"><span class='ocrx_word' id='word_1_168' title='bbox 164 2881 209 2958; x_wconf 84' lang='lat' dir='ltr'>ad</span> <span class='ocrx_word' id='word_1_169' title='bbox 233 2881 396 2958; x_wconf 85' lang='lat' dir='ltr'>alimenta</span> <span class='ocrx_word' id='word_1_170' title='bbox 417 2880 531 2959; x_wconf 88' lang='lat' dir='ltr'>eidem</span> <span class='ocrx_word' id='word_1_171' title='bbox 557 2881 748 2979; x_wconf 82' lang='lat' dir='ltr'>praestanda</span> <span class='ocrx_word' id='word_1_172' title='bbox 770 2879 983 2976; x_wconf 83' lang='lat' dir='ltr'>obligantur.</span> <span class='ocrx_word' id='word_1_173' title='bbox 1023 2879 1075 2957; x_wconf 84' lang='lat' dir='ltr'>Ita</span> <span class='ocrx_word' id='word_1_174' title='bbox 1094 2877 1211 2956; x_wconf 86' lang='lat' dir='ltr'>decla·</span> 
     </span>
     <span class='ocr_line' id='line_1_23' title="bbox 162 2975 1301 3078; baseline -0.01 -22"><span class='ocrx_word' id='word_1_175' title='bbox 162 2987 254 3059; x_wconf 82' lang='lat' dir='ltr'>ravit</span> <span class='ocrx_word' id='word_1_176' title='bbox 286 2980 375 3059; x_wconf 82' lang='lat' dir='ltr'>sacra</span> <span class='ocrx_word' id='word_1_177' title='bbox 404 2980 650 3078; x_wconf 73' lang='lat' dir='ltr'>congregatio</span> <span class='ocrx_word' id='word_1_178' title='bbox 689 2977 840 3058; x_wconf 82' lang='lat' dir='ltr'>Consilii</span> <span class='ocrx_word' id='word_1_179' title='bbox 882 2975 1092 3076; x_wconf 79' lang='lat' dir='ltr'>interpres,</span> <span class='ocrx_word' id='word_1_180' title='bbox 1124 2979 1211 3061; x_wconf 74' lang='lat' dir='ltr'>telis</span> <span class='ocrx_word' id='word_1_181' title='bbox 1280 3012 1301 3045; x_wconf 63' lang='lat' dir='ltr'>s</span> 
     </span>
     <span class='ocr_line' id='line_1_24' title="bbox 159 3075 1205 3177; baseline 0.001 -24"><span class='ocrx_word' id='word_1_182' title='bbox 159 3083 326 3175; x_wconf 71' lang='lat' dir='ltr'>fagnano.</span> <span class='ocrx_word' id='word_1_183' title='bbox 368 3079 529 3165; x_wconf 81' lang='lat' dir='ltr'>Tenetur</span> <span class='ocrx_word' id='word_1_184' title='bbox 565 3078 821 3177; x_wconf 83' lang='lat' dir='ltr'>auremEpisco</span> <span class='ocrx_word' id='word_1_185' title='bbox 851 3101 890 3154; x_wconf 89' lang='lat' dir='ltr'>us</span> <span class='ocrx_word' id='word_1_186' title='bbox 915 3075 1057 3158; x_wconf 88' lang='lat' dir='ltr'>Clerico</span> <span class='ocrx_word' id='word_1_187' title='bbox 1078 3076 1124 3154; x_wconf 89' lang='lat' dir='ltr'>src</span> <span class='ocrx_word' id='word_1_188' title='bbox 1143 3102 1205 3154; x_wconf 90' lang='lat' dir='ltr'>or-</span> 
     </span>
     <span class='ocr_line' id='line_1_25' title="bbox 163 3101 1212 3281; baseline -0.007 -25"><span class='ocrx_word' id='word_1_189' title='bbox 163 3181 289 3281; x_wconf 76' lang='lat' dir='ltr'>dinato</span> <span class='ocrx_word' id='word_1_190' title='bbox 319 3179 492 3261; x_wconf 89' lang='lat' dir='ltr'>debonis</span> <span class='ocrx_word' id='word_1_191' title='bbox 524 3178 589 3259; x_wconf 91' lang='lat' dir='ltr'>suis</span> <span class='ocrx_word' id='word_1_192' title='bbox 620 3183 698 3256; x_wconf 80' lang='lat' dir='ltr'>vita</span> <span class='ocrx_word' id='word_1_193' title='bbox 732 3101 915 3256; x_wconf 82' lang='lat' dir='ltr'>necessaria</span> <span class='ocrx_word' id='word_1_194' title='bbox 940 3184 1102 3275; x_wconf 86' lang='lat' dir='ltr'>congrue</span> <span class='ocrx_word' id='word_1_195' title='bbox 1130 3179 1212 3255; x_wconf 81' lang='lat' dir='ltr'>sub.</span> 
     </span>
     <span class='ocr_line' id='line_1_26' title="bbox 163 3274 1211 3369; baseline -0.01 -12"><span class='ocrx_word' id='word_1_196' title='bbox 163 3282 388 3369; x_wconf 85' lang='lat' dir='ltr'>minillrare,</span> <span class='ocrx_word' id='word_1_197' title='bbox 413 3279 532 3356; x_wconf 90' lang='lat' dir='ltr'>donec</span> <span class='ocrx_word' id='word_1_198' title='bbox 567 3280 777 3358; x_wconf 86' lang='lat' dir='ltr'>beneficium</span> <span class='ocrx_word' id='word_1_199' title='bbox 819 3274 1086 3358; x_wconf 86' lang='lat' dir='ltr'>ecclesiasticum</span> <span class='ocrx_word' id='word_1_200' title='bbox 1107 3300 1211 3354; x_wconf 87' lang='lat' dir='ltr'>com.</span> 
     </span>
     <span class='ocr_line' id='line_1_27' title="bbox 163 3372 1326 3482; baseline -0.003 -26"><span class='ocrx_word' id='word_1_201' title='bbox 163 3398 288 3482; x_wconf 87' lang='lat' dir='ltr'>petens</span> <span class='ocrx_word' id='word_1_202' title='bbox 311 3379 364 3454; x_wconf 90' lang='lat' dir='ltr'>vel</span> <span class='ocrx_word' id='word_1_203' title='bbox 388 3380 528 3473; x_wconf 87' lang='lat' dir='ltr'>abipso</span> <span class='ocrx_word' id='word_1_204' title='bbox 554 3372 797 3463; x_wconf 76' lang='lat' dir='ltr'>Ordinatore&#39;,</span> <span class='ocrx_word' id='word_1_205' title='bbox 818 3377 874 3451; x_wconf 88' lang='lat' dir='ltr'>vel</span> <span class='ocrx_word' id='word_1_206' title='bbox 889 3378 932 3452; x_wconf 90' lang='lat' dir='ltr'>ab</span> <span class='ocrx_word' id='word_1_207' title='bbox 947 3377 1016 3454; x_wconf 85' lang='lat' dir='ltr'>alio</span> <span class='ocrx_word' id='word_1_208' title='bbox 1039 3378 1142 3453; x_wconf 88' lang='lat' dir='ltr'>suerit</span> <span class='ocrx_word' id='word_1_209' title='bbox 1160 3375 1211 3453; x_wconf 87' lang='lat' dir='ltr'>as·</span> <span class='ocrx_word' id='word_1_210' title='bbox 1323 3405 1326 3411; x_wconf 75' lang='grc'>’</span> 
     </span>
     <span class='ocr_line' id='line_1_28' title="bbox 162 3474 1210 3575; baseline -0.003 -20"><span class='ocrx_word' id='word_1_211' title='bbox 162 3479 312 3561; x_wconf 84' lang='lat' dir='ltr'>secutus.</span> <span class='ocrx_word' id='word_1_212' title='bbox 330 3499 364 3557; x_wconf 77' lang='lat' dir='ltr'>a.</span> <span class='ocrx_word' id='word_1_213' title='bbox 382 3476 510 3554; x_wconf 82' lang='lat' dir='ltr'>Eadem</span> <span class='ocrx_word' id='word_1_214' title='bbox 527 3502 635 3573; x_wconf 82' lang='lat' dir='ltr'>poena</span> <span class='ocrx_word' id='word_1_215' title='bbox 656 3494 795 3554; x_wconf 88' lang='lat' dir='ltr'>tenetur</span> <span class='ocrx_word' id='word_1_216' title='bbox 808 3474 1021 3574; x_wconf 82' lang='lat' dir='ltr'>Episcopus,</span> <span class='ocrx_word' id='word_1_217' title='bbox 1044 3479 1105 3575; x_wconf 92' lang='lat' dir='ltr'>qui</span> <span class='ocrx_word' id='word_1_218' title='bbox 1128 3476 1210 3554; x_wconf 85' lang='lat' dir='ltr'>Cle·</span> 
     </span>
     <span class='ocr_line' id='line_1_29' title="bbox 163 3575 1211 3671; baseline -0.002 -17"><span class='ocrx_word' id='word_1_219' title='bbox 163 3582 275 3656; x_wconf 91' lang='lat' dir='ltr'>ricum</span> <span class='ocrx_word' id='word_1_220' title='bbox 302 3577 372 3653; x_wconf 81' lang='lat' dir='ltr'>sane</span> <span class='ocrx_word' id='word_1_221' title='bbox 401 3578 506 3653; x_wconf 91' lang='lat' dir='ltr'>titulo</span> <span class='ocrx_word' id='word_1_222' title='bbox 528 3581 598 3671; x_wconf 86' lang='lat' dir='ltr'>jam</span> <span class='ocrx_word' id='word_1_223' title='bbox 618 3578 858 3660; x_wconf 84' lang='lat' dir='ltr'>constitutum·</span> <span class='ocrx_word' id='word_1_224' title='bbox 880 3577 915 3650; x_wconf 92' lang='lat' dir='ltr'>in</span> <span class='ocrx_word' id='word_1_225' title='bbox 944 3575 1041 3653; x_wconf 87' lang='lat' dir='ltr'>sacro</span> <span class='ocrx_word' id='word_1_226' title='bbox 1069 3578 1211 3661; x_wconf 82' lang='lat' dir='ltr'>Ordine</span> 
     </span>
     <span class='ocr_line' id='line_1_30' title="bbox 162 3674 1211 3779; baseline 0.002 -25"><span class='ocrx_word' id='word_1_227' title='bbox 162 3683 349 3779; x_wconf 83' lang='lat' dir='ltr'>promouit</span> <span class='ocrx_word' id='word_1_228' title='bbox 381 3675 452 3752; x_wconf 88' lang='lat' dir='ltr'>srue</span> <span class='ocrx_word' id='word_1_229' title='bbox 475 3699 573 3752; x_wconf 85' lang='lat' dir='ltr'>novo</span> <span class='ocrx_word' id='word_1_230' title='bbox 612 3680 718 3754; x_wconf 88' lang='lat' dir='ltr'>titulo</span> <span class='ocrx_word' id='word_1_231' title='bbox 746 3677 789 3751; x_wconf 89' lang='lat' dir='ltr'>ad</span> <span class='ocrx_word' id='word_1_232' title='bbox 817 3675 1012 3770; x_wconf 88' lang='lat' dir='ltr'>superiores</span> <span class='ocrx_word' id='word_1_233' title='bbox 1040 3674 1211 3773; x_wconf 75' lang='lat' dir='ltr'>Ordines.</span> 
     </span>
    </p>

    <p class='ocr_par' dir='ltr' id='par_1_13' title="bbox 163 3771 1213 4073">
     <span class='ocr_line' id='line_1_31' title="bbox 164 3771 1211 3875; baseline -0.002 -22"><span class='ocrx_word' id='word_1_234' title='bbox 164 3799 200 3867; x_wconf 79' lang='lat'>3.</span> <span class='ocrx_word' id='word_1_235' title='bbox 222 3779 258 3853; x_wconf 84' lang='lat' dir='ltr'>Si</span> <span class='ocrx_word' id='word_1_236' title='bbox 278 3777 393 3873; x_wconf 86' lang='lat' dir='ltr'>plures</span> <span class='ocrx_word' id='word_1_237' title='bbox 420 3774 584 3875; x_wconf 86' lang='lat' dir='ltr'>Episcopi</span> <span class='ocrx_word' id='word_1_238' title='bbox 596 3775 774 3856; x_wconf 85' lang='lat' dir='ltr'>Clericum</span> <span class='ocrx_word' id='word_1_239' title='bbox 794 3774 859 3849; x_wconf 85' lang='lat' dir='ltr'>illis</span> <span class='ocrx_word' id='word_1_240' title='bbox 879 3773 1057 3851; x_wconf 91' lang='lat' dir='ltr'>subditum</span> <span class='ocrx_word' id='word_1_241' title='bbox 1073 3771 1211 3861; x_wconf 74' lang='lat' dir='ltr'>retrone</span> 
     </span>
     <span class='ocr_line' id='line_1_32' title="bbox 163 3873 1213 3973; baseline -0.003 -19"><span class='ocrx_word' id='word_1_242' title='bbox 163 3879 332 3973; x_wconf 86' lang='lat' dir='ltr'>originis,</span> <span class='ocrx_word' id='word_1_243' title='bbox 359 3876 557 3959; x_wconf 88' lang='lat' dir='ltr'>domicilii,</span> <span class='ocrx_word' id='word_1_244' title='bbox 578 3878 632 3951; x_wconf 84' lang='lat' dir='ltr'>vel</span> <span class='ocrx_word' id='word_1_245' title='bbox 656 3873 816 3952; x_wconf 85' lang='lat' dir='ltr'>beneficii</span> <span class='ocrx_word' id='word_1_246' title='bbox 844 3873 914 3951; x_wconf 87' lang='lat' dir='ltr'>sroe</span> <span class='ocrx_word' id='word_1_247' title='bbox 937 3876 1043 3957; x_wconf 87' lang='lat' dir='ltr'>titulo</span> <span class='ocrx_word' id='word_1_248' title='bbox 1068 3875 1213 3951; x_wconf 83' lang='lat' dir='ltr'>ordina·</span> 
     </span>
     <span class='ocr_line' id='line_1_33' title="bbox 163 3974 1213 4073; baseline 0 -21"><span class='ocrx_word' id='word_1_249' title='bbox 163 3982 278 4052; x_wconf 84' lang='lat' dir='ltr'>verint</span> <span class='ocrx_word' id='word_1_250' title='bbox 293 4025 299 4050; x_wconf 62' lang='lat'>2</span> <span class='ocrx_word' id='word_1_251' title='bbox 315 3977 463 4073; x_wconf 89' lang='lat' dir='ltr'>quilibet</span> <span class='ocrx_word' id='word_1_252' title='bbox 486 3990 626 4052; x_wconf 88' lang='lat' dir='ltr'>tenetur</span> <span class='ocrx_word' id='word_1_253' title='bbox 651 3974 859 4051; x_wconf 88' lang='lat' dir='ltr'>insolidum</span> <span class='ocrx_word' id='word_1_254' title='bbox 883 3975 1041 4068; x_wconf 79' lang='lat' dir='ltr'>praeliare</span> <span class='ocrx_word' id='word_1_255' title='bbox 1066 3977 1213 4054; x_wconf 82' lang='lat' dir='ltr'>alimen·</span> 
     </span>
    </p>

    <p class='ocr_par' dir='ltr' id='par_1_14' title="bbox 161 4072 1210 4358">
     <span class='ocr_line' id='line_1_34' title="bbox 161 4072 1209 4172; baseline -0.006 -18"><span class='ocrx_word' id='word_1_256' title='bbox 161 4091 196 4154; x_wconf 85' lang='lat' dir='ltr'>ta</span> <span class='ocrx_word' id='word_1_257' title='bbox 222 4074 267 4151; x_wconf 86' lang='lat' dir='ltr'>fic</span> <span class='ocrx_word' id='word_1_258' title='bbox 283 4074 475 4155; x_wconf 84' lang='lat' dir='ltr'>Ordimto.</span> <span class='ocrx_word' id='word_1_259' title='bbox 496 4095 531 4172; x_wconf 86' lang='lat'>4·</span> <span class='ocrx_word' id='word_1_260' title='bbox 553 4076 638 4150; x_wconf 84' lang='lat' dir='ltr'>Non</span> <span class='ocrx_word' id='word_1_261' title='bbox 658 4077 768 4151; x_wconf 92' lang='lat' dir='ltr'>solum</span> <span class='ocrx_word' id='word_1_262' title='bbox 782 4072 981 4149; x_wconf 86' lang='lat' dir='ltr'>Ordinatur</span> <span class='ocrx_word' id='word_1_263' title='bbox 998 4074 1040 4148; x_wconf 88' lang='lat' dir='ltr'>ad</span> <span class='ocrx_word' id='word_1_264' title='bbox 1059 4076 1094 4150; x_wconf 89' lang='lat' dir='ltr'>id</span> <span class='ocrx_word' id='word_1_265' title='bbox 1113 4090 1209 4149; x_wconf 86' lang='lat' dir='ltr'>terre·</span> 
     </span>
     <span class='ocr_line' id='line_1_35' title="bbox 161 4169 1210 4358; baseline 0.007 -110"><span class='ocrx_word' id='word_1_266' title='bbox 161 4189 240 4358; x_wconf 47' lang='lat' dir='ltr'>plur,</span> <span class='ocrx_word' id='word_1_267' title='bbox 260 4176 315 4355; x_wconf 58' lang='lat' dir='ltr'>gad</span> <span class='ocrx_word' id='word_1_268' title='bbox 338 4175 412 4253; x_wconf 90' lang='lat' dir='ltr'>hoe</span> <span class='ocrx_word' id='word_1_269' title='bbox 430 4198 522 4256; x_wconf 83' lang='lat' dir='ltr'>onus</span> <span class='ocrx_word' id='word_1_270' title='bbox 535 4174 652 4259; x_wconf 82' lang='lat' dir='ltr'>transit</span> <span class='ocrx_word' id='word_1_271' title='bbox 666 4175 711 4259; x_wconf 86' lang='lat' dir='ltr'>ad</span> <span class='ocrx_word' id='word_1_272' title='bbox 726 4176 815 4256; x_wconf 80' lang='lat' dir='ltr'>illius</span> <span class='ocrx_word' id='word_1_273' title='bbox 842 4169 1073 4259; x_wconf 77' lang='lat' dir='ltr'>successorem</span> <span class='ocrx_word' id='word_1_274' title='bbox 1089 4229 1100 4261; x_wconf 84' lang='lat'>‚</span> <span class='ocrx_word' id='word_1_275' title='bbox 1115 4175 1150 4255; x_wconf 81' lang='lat' dir='ltr'>dr</span> <span class='ocrx_word' id='word_1_276' title='bbox 1164 4172 1210 4255; x_wconf 79' lang='lat' dir='ltr'>ad</span> 
     </span>
    </p>

    <p class='ocr_par' dir='ltr' id='par_1_15' title="bbox 192 4297 334 4361">
     <span class='ocr_line' id='line_1_36' title="bbox 192 4297 334 4361; baseline 0.014 -9"><span class='ocrx_word' id='word_1_277' title='bbox 192 4297 260 4352; x_wconf 80' lang='lat' dir='ltr'>rere</span> <span class='ocrx_word' id='word_1_278' title='bbox 286 4301 334 4361; x_wconf 83' lang='lat' dir='ltr'>es.</span> 
     </span>
    </p>
   </div>
   <div class='ocr_carea' id='block_1_8' title="bbox 0 0 1607 5375">
    <p class='ocr_par' dir='ltr' id='par_1_16' title="bbox 0 0 1607 5375">
     <span class='ocr_line' id='line_1_37' title="bbox 0 0 1607 5375; baseline 0 0"><span class='ocrx_word' id='word_1_279' title='bbox 0 0 1607 5375; x_wconf 95' lang='lat' dir='ltr'> </span> 
     </span>
    </p>
   </div>
  </div>
 </body>
</html>
