3200 5375
323 623 326 634 ¹
393 589 399 602 =
457 663 528 755 De
557 661 851 799 Indulgentiis.
972 699 974 706 ·
1141 691 1195 775 43

131 898 162 936 „
183 852 265 916 tote
287 836 410 914 landae
424 838 661 921 obedientia,
679 839 716 913 dc
740 837 801 914 sub
823 838 1112 914 interminatione
1124 860 1203 917 ma.

133 997 164 1035 „
192 938 389 1016 ledit'iionis
413 956 552 1015 aeternae
578 984 590 1018 ‚
619 963 665 1013 ne
686 943 722 1013 in
741 936 973 1016 sermonibus
991 938 1058 1016 luis
1079 936 1202 1016 lndul-

136 1095 164 1135 „
180 1043 320 1139 gentian
347 1042 583 1136 pronuntient
603 1036 803 1115 indiscretas
828 1093 866 1131 „.

257 1203 265 1222 ’
397 1223 949 1306 Ruootaxvrr.

137 1384 331 1483 Tempore
342 1382 482 1483 Jubilaei
499 1385 647 1484 quilibet
668 1399 740 1461 tam
769 1385 965 1471 saecularis,
994 1405 1102 1486 qoam
1127 1375 1216 1468 Ress.

190 1489 324 1587 gularis
345 1480 605 1564 Consellarium
628 1488 756 1582 eligere
779 1487 917 1584 potest,
945 1509 1053 1585 quem
1073 1486 1201 1564 volue-

195 1593 270 1673 rit,
289 1610 337 1662 ex
367 1587 571 1683 approbatis
601 1585 762 1664 adhunc
789 1582 966 1661 effeiium·
1001 1584 1108 1662 Unde
1135 1588 1201 1665 viri

193 1685 367 1784 Religiofi
390 1741 401 1772 ,
426 1687 463 1760 de
497 1684 785 1761 Sandimoniales
810 1684 992 1761 Sacerdoti
1029 1686 1202 1771 iaculari,

193 1806 255 1865 aot
276 1788 417 1863 alterius
438 1783 585 1864 Ordinis
603 1782 772 1881 Regulari
785 1799 929 1883 peccata
963 1785 1019 1862 sua
1037 1786 1201 1864 confiteri

196 1884 367 1987 possunt,
383 1888 417 1961 ἃ
435 1888 478 1961 ab
496 1889 534 1961 iis
545 1885 677 1961 absolvi
691 1940 703 1973 ,
719 1888 1002 1985 repugnantibus
1019 1885 1203 1986 etiamSu·

195 1989 394 2083 perioribos
411 1983 655 2083 Regularibus.

145 2145 356 2305 Facultas
393 2145 487 2219 enim
519 2140 675 2240 eligendi
714 2137 973 2223 Conselsariunr
1010 2121 1203 2238 pontificii,
1251 2128 1405 2228 Delatus.

222 2243 507 2343 ·Diplomaribus
520 2246 582 2320 lirb
595 2244 663 2319 hac
678 2241 1019 2321 formaeoncedirnr
1034 2260 1199 2345 tempore
1224 2213 1404 2363 {fflffi

144 2340 310 2438 Jubilaei:
331 2401 358 2432 „
373 2401 396 2437 „
425 2343 628 2428 Omnibus,
650 2343 685 2417 de
709 2341 851 2440 singulis
871 2346 1000 2424 Christi
1023 2344 1196 2425 Fidelibus
1213 2360 1403 2431 sariumtem.

143 2447 324 2544 utriusque
341 2445 464 2533 sexus,
482 2458 557 2521 tarn
585 2444 700 2527 laicis,
719 2468 827 2541 quam
860 2445 1116 2533 ecclesiasticis,
1137 2448 1194 2524 sae·
1212 2457 1286 2578 [ἔξω
1319 2445 1402 2521 Just

143 2546 340 2624 sularibus,
366 2540 642 2640 &regularibus
667 2544 818 2640 cuiusvis
843 2542 1013 2623 Ordinis,
1036 2547 1195 2626 bacon*
1248 2535 1273 2588 ¹⁹

145 2650 365 2745 gregationis
385 2694 396 2728 2
413 2647 449 2721 da
473 2645 646 2731 instituti,
675 2658 747 2721 tam
771 2647 806 2721 in
828 2648 941 2729 urbe,
962 2671 1070 2744 quam
1095 2665 1195 2727 extra
1275 2694 1280 2703 ·

146 2770 246 2831 eam,
265 2751 398 2846 ubique
421 2746 589 2821 locorum
619 2746 832 2840 degentibus
862 2747 1039 2823 licentiam
1062 2771 1198 2824 conce.

145 2847 266 2922 dimus
286 2900 297 2932 ,
319 2849 354 2921 &
378 2846 604 2930 facultatem,
624 2861 664 2922 ut
681 2843 743 2921 sibi
763 2845 807 2920 ad
831 2845 927 2922 hunc
947 2845 1112 2925 effeslum
1138 2848 1198 2922 eli·

147 2970 235 3043 gere
262 2944 391 3044 poifint
412 2994 422 3025 ‚
446 2969 702 3045 quemcunque
731 2942 982 3045 Presbyterum
1014 2946 1197 3026 Consella·

145 3050 262 3132 rium,
287 3065 358 3121 tam
376 3045 575 3123 saecularem
597 3068 706 3144 quam
727 3046 877 3142 cuiusvis
898 3043 1069 3134 Ordinis,
1085 3051 1120 3122 dr
1142 3055 1199 3125 in·

145 3147 256 3224 stituti
277 3144 491 3243 Regularem
515 3165 562 3222 ex
585 3147 789 3243 approbatis
811 3172 831 3224 a
854 3148 1022 3224 locorum
1041 3146 1198 3227 Ordina-

141 3251 228 3333 ,riis,
258 3251 321 3345 qui
344 3271 408 3322 eos
435 3248 479 3322 ab
498 3249 914 3331 excommunicationis,
941 3245 1196 3346 suspensionis,

146 3349 183 3422 dr
203 3346 276 3422 aliis
306 3343 540 3424 ecclesiasticis
564 3345 769 3432 sententiis,
789 3345 1035 3445 &1Censuris,
1059 3353 1198 3441 aiore,

146 3448 257 3524 veleb
274 3447 426 3522 homine
438 3448 561 3543 quavis
580 3443 680 3524 causa
696 3447 793 3534 laris,
810 3448 866 3524 seu
880 3447 1037 3532 insidis,
1055 3473 1200 3526 necnon

146 3550 191 3623 ab
222 3550 393 3624 omnibus
418 3548 592 3643 peccatis,
606 3544 799 3623 excessibus
814 3551 1062 3635 ,carminibus
1082 3551 1116 3626 dt
1139 3551 1204 3626 de·

145 3647 259 3730 liciis,
280 3649 510 3744 quantumvis
526 3648 711 3745 gravibus,
731 3648 767 3722 ἃ
782 3653 990 3725 enormibus
1003 3706 1013 3735 ,
1025 3653 1130 3725 etiam
1146 3650 1204 3725 lo·

147 3771 277 3825 corum
303 3744 503 3825 Ordinariis
529 3797 541 3833 ,
564 3745 634 3823 sire
665 3749 794 3835 nobis,
819 3750 855 3825 &
884 3750 967 3829 Sedi
997 3750 1202 3843 apostolice

146 3846 489 3945 quomodocunque
513 3844 715 3935 reservatis,
733 3849 768 3922 in
792 3849 873 3926 loro
898 3848 1142 3934 conscientia,
1162 3851 1200 3926 dt

145 3946 478 4034 hacvicetantum,
493 3945 691 4030 absolvere,
709 3947 901 4025 &liberare
920 3949 1054 4024 valeant
1075 3999 1096 4033 ‚‚
1108 4002 1142 4039 „.
1211 4000 1223 4029 a

195 4048 426 4124 Contrarium
450 4048 596 4147 quidem
615 4049 758 4118 clemens
774 4049 807 4121 V
808 4053 877 4119 ΙΙΙ.
903 4049 1090 4124 declaravit
1105 4047 1196 4126 olim

147 4144 331 4228 Decimo,
351 4146 452 4248 quod
471 4151 614 4247 incipit,
639 4151 692 4218 Ad
702 4167 891 4244 perpetuam
909 4153 958 4220 rei
979 4152 1194 4240 memoriam

144 4249 203 4326 sed
224 4249 447 4347 supponebat
467 4248 669 4325 facultatem
691 4271 761 4324 tam
785 4250 963 4348 amplam,
985 4253 1019 4326 ἃ
1039 4269 1109 4325 tarn
1133 4272 1198 4324 ex-

146 4348 266 4446 pressis
281 4353 395 4424 verbis
417 4366 631 4443 conceptam
650 4349 840 4444 pontificiis
855 4348 1087 4426 Litter'is'non
1109 4374 1201 4424 con·

146 4451 225 4524 cedi
243 4499 253 4530 ,
273 4449 329 4524 sed
343 4450 456 4525 solum
472 4450 625 4544 eligendi
641 4474 896 4551 quemcunque
908 4451 1077 4526 idoneum
1098 4451 1202 4529 Corr-

144 4547 348 4633 sellarium,
371 4567 410 4625 ut
434 4550 615 4644 colligitur
647 4573 692 4626 ex
716 4549 859 4636 barbota
892 4549 1088 4627 Decretum
1116 4547 1204 4626 illud
1284 4554 1288 4575 ¹

146 4665 459 4730 commemorante
471 4650 565 4742 libro
593 4653 631 4722 de
649 4648 784 4744 (adicio,
804 4658 845 4728 (a
856 4647 1013 4748 potestate
1028 4649 1195 4746 Episcopi,

1116 4775 1155 4849 P·
