3200 5375
215 687 219 698 ’
378 703 449 795 De
476 702 744 796 sacramento
772 678 980 798 Ordinis(
1111 732 1189 811 123

135 879 323 984 Episcopo
350 875 431 974 poll
450 890 520 952 tres
540 849 723 973 primarios
750 876 962 955 Patriarchas
984 877 1109 959 locem
1133 879 1192 961 seii

136 985 291 1057 Honoris
319 978 600 1072 consequentiam,
625 978 713 1053 salva
734 976 1023 1078 Metropolitano
1043 979 1193 1058 caesare-

136 1081 210 1163 ensi
235 1081 381 1176 propria
401 1076 594 1174 dignitate,
611 1077 755 1155 Nicaena
779 1079 947 1177 synodus
982 1079 1089 1157 dedic
1131 1079 1191 1159 lii·

136 1200 193 1262 ter
216 1176 430 1260 Patriarehas
454 1177 582 1253 deinde
608 1178 729 1253 lucum
759 1179 950 1265 obtinuit,
984 1179 1189 1279 &quidem

136 1285 297 1383 primuni
322 1279 403 1373 poli
434 1300 625 1355 romanum
647 1274 863 1376 Episcopum
895 1334 905 1365 ,
932 1276 1190 1358 Constantino·

136 1384 320 1481 politanus
357 1375 553 1476 Episcopus
582 1396 726 1474 ;quem
757 1379 819 1475 ipsi
844 1378 1020 1455 honoiem
1038 1380 1190 1459 secunda

140 1482 313 1584 synodus
335 1476 505 1573 generalis
527 1475 841 1575 Constantinopoli
861 1479 1032 1555 celebrata
1049 1484 1107 1565 ,ἃ
1121 1482 1188 1581 Sy-

137 1584 261 1662 nodus
281 1575 580 1657 Chalcedonensis
608 1574 696 1653 Can.
724 1590 784 1664 28·
807 1595 955 1677 propter
977 1581 1188 1677 dignitatem

136 1685 236 1764 urbis
256 1735 268 1766 ,
285 1701 366 1780 quic
385 1693 493 1772 caput
514 1691 588 1753 erat
612 1675 777 1774 Imperii,
799 1680 838 1755 ἃ
859 1682 969 1750 Nova
996 1685 1098 1751 Ruina
1123 1705 1188 1758 vo·

136 1784 284 1862 cabatur
306 1827 316 1861 ,
336 1776 593 1862 contulerunt,
619 1794 842 1876 repugnante
859 1778 943 1865 diu,
969 1781 1187 1879 tandemque
1348 1862 1351 1872 ,

135 1880 385 1961 consentiente
415 1900 564 1953 romana
585 1875 735 1954 Ecclesia
758 1931 769 1964 ,
794 1891 834 1955 ut
855 1880 992 1956 constat
1012 1903 1058 1956 ex
1087 1879 1189 1959 Con-

136 1983 225 2062 cilio
239 1976 450 2058 Florentino
470 1979 507 2053 in
527 1976 735 2053 definitione
764 1973 871 2061 Fidei.

191 2081 409 2180 Supremcm
430 2075 649 2154 sacerdotalis
671 2076 804 2152 ordinis
835 2076 985 2176 madum
1005 2091 1106 2158 tenet
1124 2103 1186 2158 ro·
1249 2080 1386 2173 Romane

128 2193 268 2259 'manus
292 2177 483 2263 Pontifex,
507 2174 822 2277 amplissimamque
844 2178 1118 2276 jurisdictionem
1148 2185 1183 2258 in
1208 2156 1343 2249 P⁰F¹t¹⁵⁶¹

135 2279 356 2360 Christianos
375 2300 522 2360 omnes,
536 2277 573 2352 de
590 2274 783 2372 Episcopus
798 2277 997 2367 universos,
1017 2303 1092 2356 non
1107 2282 1187 2379 qui·
1208 2246 1393 2373 griffi*

133 2386 219 2458 dem
241 2378 322 2459 ullis
343 2375 564 2476 Synodicis,
591 2393 651 2452 aut
673 2376 746 2454 aliis
783 2377 944 2456 humanis
963 2383 1187 2482 constitutio·
1210 2383 1345 2478 adversi

135 2483 262 2567 nibus,
290 2478 347 2554 sed
373 2478 541 2554 divinitus
576 2475 704 2552 datam·
730 2475 978 2570 Quamobrem
1004 2483 1184 2558 universali
1206 2464 1386 2550 predivitis

135 2577 298 2659 Ecclesiae
323 2576 449 2653 divino
470 2578 546 2672 jure
568 2574 727 2673 praesidet
751 2594 793 2655 ut
816 2582 848 2650 S.
863 2586 957 2651 Petri
979 2579 1189 2667 Successor,
1213 2547 1362 2604 ‘mmm‘
1497 2571 1501 2582 “

138 2675 344 2777 christique
366 2674 519 2754 Domini
541 2676 652 2752 nollti
673 2700 776 2754 vetus
799 2703 870 2765 ,ac
891 2679 1069 2778 legitimus
1095 2679 1189 2761 isica.

95 2842 101 2853 .
137 2784 224 2859 rius·
248 2776 420 2857 Primatus
440 2782 473 2858 S,
488 2784 582 2846 Petro
608 2779 645 2852 in
667 2773 817 2859 Ecclesia
839 2781 994 2856 universa
1016 2781 1190 2870 collatus,-

134 2882 305 2977 usquein
324 2879 399 2973 ejus
418 2872 625 2955 successores
648 2886 818 2952 romanos
840 2877 1033 2979 Episcopus
1055 2881 1187 2959 eodem

134 2983 216 3077 jure
235 2977 445 3063 transfusus,
463 2979 586 3052 nititur
605 2974 732 3054 Christi
750 2974 902 3054 Domini
912 3034 920 3065 ,
937 3003 979 3055 ac
995 2980 1187 3059 Salvatorii

136 3080 249 3157 nostri
275 3078 395 3156 verbis
411 3074 543 3156 blaten.
565 3071 621 3148 16.
647 3076 699 3147 Tri
721 3099 755 3146 es
774 3083 907 3165 Petrus,
932 3082 974 3151 (i
986 3077 1083 3172 siper
1105 3082 1187 3152 lianc

133 3198 263 3277 patrm
289 3172 453 3265 edificabo
474 3173 646 3262 Ecclesiam
672 3199 793 3265 mecm,
812 3181 855 3250 ei*
870 3192 973 3273 porte
993 3175 1097 3269 inferi
1123 3204 1186 3251 non

131 3274 358 3376 prevalebunt
381 3274 535 3362 adversaii
563 3298 644 3346 eam.
682 3277 728 3347 Et
752 3274 820 3348 tibi
839 3275 919 3349 dabo
941 3279 1050 3350 claves
1078 3282 1188 3376 segni

137 3381 302 3452 celorum.
328 3377 472 3472 Quibus
497 3376 803 3460 crehisheim&
828 3379 903 3474 ejus
923 3378 1187 3459 suecessoribus

137 3481 217 3559 duo
246 3482 535 3575 promittunturt
558 3473 714 3553 Primum
738 3523 749 3556 s
770 3480 869 3569 quod
894 3477 935 3556 sit
958 3482 1097 3558 iuturus
1123 3481 1188 3558 Ec·

135 3577 249 3659 clesiae
270 3576 384 3656 totilas
412 3575 683 3651 fundamentum
710 3577 800 3653 adeo
825 3579 991 3664 sirmum,
1011 3596 1052 3658 ut
1072 3598 1187 3681 porte

136 3682 241 3757 inseri
265 3700 449 3775 nunquam
475 3673 543 3750 fine
571 3675 731 3753 aduersus
752 3700 830 3752 eam
852 3694 925 3754 tam
950 3681 1040 3755 bene
1061 3683 1186 3757 lunda·

136 3800 213 3877 tam
242 3778 482 3875 praeualiturae·
517 3774 693 3870 Quamvis
725 3779 833 3872 igitur
859 3778 960 3875 super
986 3778 1188 3865 Christum,

134 3878 293 3977 lapidem
324 3875 551 3971 angularem,
570 3876 607 3950 de
642 3878 897 3947 Fundamentum
931 3881 1118 3973 primum,
1144 3902 1188 3958 ac

136 3981 387 4077 praecipuum,
409 3991 535 4073 praeter
558 3975 659 4070 quod
685 3979 798 4046 Nemo
818 3972 918 4069 potes
938 3978 1028 4049 aliud
1046 3995 1186 4071 potiere,
1277 4058 1280 4065 ff

136 4078 286 4155 fundata
321 4076 362 4152 sit
386 4073 561 4167 Ecclesia3
578 4080 767 4172 quamvis,
792 4076 827 4150 &
861 4077 961 4173 super
986 4078 1187 4154 Persicon·

136 4176 321 4254 sessionem
342 4177 486 4251 siindata
508 4174 573 4261 lit,
598 4178 677 4270 quia
698 4175 907 4271 dignitatern
928 4177 1019 4252 illam
1035 4176 1095 4261 ,de
1117 4178 1185 4251 bo·
1209 4248 1212 4255 .

134 4302 264 4354 norem
292 4273 509 4352 consessione
532 4273 586 4349 sua
615 4280 828 4369 promeritus
854 4277 931 4354 est,
959 4293 998 4353 ut
1024 4275 1184 4352 Ecclesiae

133 4378 412 4456 fundamentum
431 4373 533 4464 elset3
549 4375 643 4449 unde
663 4381 694 4443 S.
708 4380 771 4444 Leo
801 4375 948 4474 Epist-5·
974 4376 1016 4451 ad
1040 4376 1179 4451 illecto.

134 4479 318 4575 politanos
343 4474 469 4571 lllyrici
492 4476 560 4547 ait:
578 4529 633 4563 ,‚„
664 4472 706 4549 Et
729 4478 810 4574 qiiia
832 4500 892 4570 pec
914 4500 1038 4553 omnes
1062 4475 1183 4551 Eccle-

134 4577 197 4653 sias
221 4601 307 4654 cura
336 4575 452 4650 nostra
482 4571 713 4655 distenditur,
741 4581 907 4671 exigente
929 4602 946 4648 a
968 4581 1071 4653 nobis
1103 4580 1186 4656 Do.

134 4680 263 4768 mino,
279 4679 344 4777 qui
365 4673 579 4776 spostolicae
596 4671 774 4770 dignitatis
793 4673 986 4756 beatissimo
1006 4681 1186 4776 tlpollolo
1321 4760 1326 4779 ¹,

1019 4774 1139 4860 ·Pe-
