<?xml version="1.0" encoding="UTF-8"?>
<!DOCTYPE html PUBLIC "-//W3C//DTD XHTML 1.0 Transitional//EN"
    "http://www.w3.org/TR/xhtml1/DTD/xhtml1-transitional.dtd">
<html xmlns="http://www.w3.org/1999/xhtml" xml:lang="en" lang="en">
 <head>
  <title>
</title>
<meta http-equiv="Content-Type" content="text/html;charset=utf-8" />
  <meta name='ocr-system' content='tesseract 3.04.00' />
  <meta name='ocr-capabilities' content='ocr_page ocr_carea ocr_par ocr_line ocrx_word'/>
</head>
<body>
  <div class='ocr_page' id='page_1' title='image "./theologiadogmat01alexgoog_0403.png"; bbox 0 0 3200 5375; ppageno 0'>
   <div class='ocr_carea' id='block_1_1' title="bbox 91 186 1462 442">
    <p class='ocr_par' dir='ltr' id='par_1_1' title="bbox 91 186 1462 442">
     <span class='ocr_line' id='line_1_1' title="bbox 91 186 1462 442; baseline 0.009 -14"><span class='ocrx_word' id='word_1_1' title='bbox 91 186 1462 442; x_wconf 64' lang='lat' dir='ltr'>u</span> 
     </span>
    </p>
   </div>
   <div class='ocr_carea' id='block_1_2' title="bbox 327 680 1201 800">
    <p class='ocr_par' dir='ltr' id='par_1_2' title="bbox 327 680 1201 800">
     <span class='ocr_line' id='line_1_2' title="bbox 327 680 1201 800; baseline 0 -22"><span class='ocrx_word' id='word_1_2' title='bbox 327 744 335 761; x_wconf 75' lang='lat'><em>,</em></span> <span class='ocrx_word' id='word_1_3' title='bbox 441 729 451 741; x_wconf 79' lang='lat'><em>-</em></span> <span class='ocrx_word' id='word_1_4' title='bbox 520 680 591 778; x_wconf 87' lang='lat' dir='ltr'>De</span> <span class='ocrx_word' id='word_1_5' title='bbox 627 684 834 785; x_wconf 77' lang='lat' dir='ltr'>Simonia&#39;</span> <span class='ocrx_word' id='word_1_6' title='bbox 889 681 892 687; x_wconf 78' lang='grc'><strong>’</strong></span> <span class='ocrx_word' id='word_1_7' title='bbox 949 791 953 800; x_wconf 41' lang='grc'><strong><em>,</em></strong></span> <span class='ocrx_word' id='word_1_8' title='bbox 1103 709 1201 799; x_wconf 79' lang='lat'>¹451</span> 
     </span>
    </p>
   </div>
   <div class='ocr_carea' id='block_1_3' title="bbox 155 854 1369 2452">
    <p class='ocr_par' dir='ltr' id='par_1_3' title="bbox 155 854 1351 1252">
     <span class='ocr_line' id='line_1_3' title="bbox 155 854 1351 960; baseline 0.003 -26"><span class='ocrx_word' id='word_1_9' title='bbox 155 857 273 960; x_wconf 77' lang='lat' dir='ltr'>petina</span> <span class='ocrx_word' id='word_1_10' title='bbox 293 879 313 935; x_wconf 86' lang='lat' dir='ltr'>a</span> <span class='ocrx_word' id='word_1_11' title='bbox 332 854 435 933; x_wconf 82' lang='lat' dir='ltr'>nobit</span> <span class='ocrx_word' id='word_1_12' title='bbox 457 858 649 956; x_wconf 85' lang='lat' dir='ltr'>probatum</span> <span class='ocrx_word' id='word_1_13' title='bbox 672 857 740 952; x_wconf 86' lang='lat' dir='ltr'>est;</span> <span class='ocrx_word' id='word_1_14' title='bbox 756 860 837 958; x_wconf 86' lang='lat' dir='ltr'>quia</span> <span class='ocrx_word' id='word_1_15' title='bbox 866 855 1106 938; x_wconf 74' lang='lat' dir='ltr'>beneficiarius</span> <span class='ocrx_word' id='word_1_16' title='bbox 1126 855 1208 954; x_wconf 85' lang='lat' dir='ltr'>post</span> <span class='ocrx_word' id='word_1_17' title='bbox 1349 897 1351 902; x_wconf 96' lang='lat'>·</span> 
     </span>
     <span class='ocr_line' id='line_1_4' title="bbox 157 955 1207 1052; baseline 0.001 -17"><span class='ocrx_word' id='word_1_18' title='bbox 157 958 460 1036; x_wconf 79' lang='lat' dir='ltr'>renuntiationem</span> <span class='ocrx_word' id='word_1_19' title='bbox 486 955 573 1032; x_wconf 85' lang='lat' dir='ltr'>nihil</span> <span class='ocrx_word' id='word_1_20' title='bbox 599 958 685 1052; x_wconf 81' lang='lat' dir='ltr'>juris</span> <span class='ocrx_word' id='word_1_21' title='bbox 712 957 849 1040; x_wconf 78' lang='lat' dir='ltr'>habet,</span> <span class='ocrx_word' id='word_1_22' title='bbox 880 957 935 1033; x_wconf 80' lang='lat' dir='ltr'>rel</span> <span class='ocrx_word' id='word_1_23' title='bbox 957 959 1001 1037; x_wconf 88' lang='lat' dir='ltr'>ad</span> <span class='ocrx_word' id='word_1_24' title='bbox 1024 959 1207 1036; x_wconf 79' lang='lat' dir='ltr'>minimam</span> 
     </span>
     <span class='ocr_line' id='line_1_5' title="bbox 156 1054 1207 1156; baseline 0 -23"><span class='ocrx_word' id='word_1_25' title='bbox 156 1074 294 1155; x_wconf 89' lang='lat' dir='ltr'>partem</span> <span class='ocrx_word' id='word_1_26' title='bbox 315 1054 492 1133; x_wconf 76' lang='lat' dir='ltr'>fruticum</span> <span class='ocrx_word' id='word_1_27' title='bbox 516 1056 698 1143; x_wconf 79' lang='lat' dir='ltr'>beneficii,</span> <span class='ocrx_word' id='word_1_28' title='bbox 716 1060 817 1155; x_wconf 92' lang='lat' dir='ltr'>quod</span> <span class='ocrx_word' id='word_1_29' title='bbox 841 1056 1011 1139; x_wconf 75' lang='lat' dir='ltr'>dimittite</span> <span class='ocrx_word' id='word_1_30' title='bbox 1033 1057 1101 1156; x_wconf 89' lang='lat' dir='ltr'>ipsa</span> <span class='ocrx_word' id='word_1_31' title='bbox 1119 1077 1207 1152; x_wconf 84' lang='lat' dir='ltr'>tero</span> 
     </span>
     <span class='ocr_line' id='line_1_6' title="bbox 157 1153 1208 1252; baseline -0.002 -19"><span class='ocrx_word' id='word_1_32' title='bbox 157 1159 421 1234; x_wconf 86' lang='lat' dir='ltr'>renuntiatione</span> <span class='ocrx_word' id='word_1_33' title='bbox 445 1155 581 1231; x_wconf 94' lang='lat' dir='ltr'>nullum</span> <span class='ocrx_word' id='word_1_34' title='bbox 601 1160 656 1251; x_wconf 83' lang='lat' dir='ltr'>jus</span> <span class='ocrx_word' id='word_1_35' title='bbox 680 1153 723 1232; x_wconf 90' lang='lat' dir='ltr'>ad</span> <span class='ocrx_word' id='word_1_36' title='bbox 746 1156 877 1235; x_wconf 71' lang='lat' dir='ltr'>fruitus</span> <span class='ocrx_word' id='word_1_37' title='bbox 901 1160 1063 1252; x_wconf 87' lang='lat' dir='ltr'>acquirit·</span> <span class='ocrx_word' id='word_1_38' title='bbox 1088 1153 1208 1233; x_wconf 88' lang='lat' dir='ltr'>Tene·</span> 
     </span>
    </p>

    <p class='ocr_par' dir='ltr' id='par_1_4' title="bbox 158 1254 1225 1355">
     <span class='ocr_line' id='line_1_7' title="bbox 158 1254 1225 1355; baseline -0.003 -20"><span class='ocrx_word' id='word_1_39' title='bbox 158 1273 217 1335; x_wconf 91' lang='lat' dir='ltr'>tur</span> <span class='ocrx_word' id='word_1_40' title='bbox 236 1259 334 1331; x_wconf 91' lang='lat' dir='ltr'>enim</span> <span class='ocrx_word' id='word_1_41' title='bbox 360 1254 414 1331; x_wconf 86' lang='lat' dir='ltr'>rel</span> <span class='ocrx_word' id='word_1_42' title='bbox 437 1258 503 1332; x_wconf 92' lang='lat' dir='ltr'>rite</span> <span class='ocrx_word' id='word_1_43' title='bbox 521 1257 712 1334; x_wconf 88' lang='lat' dir='ltr'>ministrare</span> <span class='ocrx_word' id='word_1_44' title='bbox 734 1301 746 1337; x_wconf 82' lang='lat'>‚</span> <span class='ocrx_word' id='word_1_45' title='bbox 770 1274 811 1334; x_wconf 91' lang='lat' dir='ltr'>ut</span> <span class='ocrx_word' id='word_1_46' title='bbox 838 1254 1005 1334; x_wconf 77' lang='lat' dir='ltr'>studibus</span> <span class='ocrx_word' id='word_1_47' title='bbox 1031 1260 1225 1355; x_wconf 40' lang='lat' dir='ltr'>potiatur3,</span> 
     </span>
    </p>

    <p class='ocr_par' dir='ltr' id='par_1_5' title="bbox 157 1352 1208 1455">
     <span class='ocr_line' id='line_1_8' title="bbox 157 1352 1208 1455; baseline -0.001 -22"><span class='ocrx_word' id='word_1_48' title='bbox 157 1356 215 1433; x_wconf 86' lang='lat' dir='ltr'>vel</span> <span class='ocrx_word' id='word_1_49' title='bbox 245 1356 268 1431; x_wconf 92' lang='lat' dir='ltr'>li</span> <span class='ocrx_word' id='word_1_50' title='bbox 296 1352 469 1431; x_wconf 86' lang='lat' dir='ltr'>beneficio</span> <span class='ocrx_word' id='word_1_51' title='bbox 490 1355 614 1431; x_wconf 82' lang='lat' dir='ltr'>cedere</span> <span class='ocrx_word' id='word_1_52' title='bbox 637 1355 719 1431; x_wconf 84' lang='lat' dir='ltr'>relit</span> <span class='ocrx_word' id='word_1_53' title='bbox 738 1410 749 1442; x_wconf 85' lang='lat'><strong>,</strong></span> <span class='ocrx_word' id='word_1_54' title='bbox 765 1357 873 1455; x_wconf 89' lang='lat' dir='ltr'>gratis</span> <span class='ocrx_word' id='word_1_55' title='bbox 890 1355 1015 1434; x_wconf 87' lang='lat' dir='ltr'>cedere</span> <span class='ocrx_word' id='word_1_56' title='bbox 1042 1369 1208 1444; x_wconf 81' lang='lat' dir='ltr'>tenetur,</span> 
     </span>
    </p>

    <p class='ocr_par' dir='ltr' id='par_1_6' title="bbox 156 1453 1369 2150">
     <span class='ocr_line' id='line_1_9' title="bbox 156 1453 1211 1556; baseline 0 -23"><span class='ocrx_word' id='word_1_57' title='bbox 156 1454 221 1533; x_wconf 82' lang='lat' dir='ltr'>nisi</span> <span class='ocrx_word' id='word_1_58' title='bbox 246 1454 389 1532; x_wconf 88' lang='lat' dir='ltr'>titulum</span> <span class='ocrx_word' id='word_1_59' title='bbox 421 1453 575 1552; x_wconf 85' lang='lat' dir='ltr'>prostrat</span> <span class='ocrx_word' id='word_1_60' title='bbox 603 1454 781 1551; x_wconf 85' lang='lat' dir='ltr'>aliquem,</span> <span class='ocrx_word' id='word_1_61' title='bbox 804 1478 881 1553; x_wconf 90' lang='lat' dir='ltr'>quo</span> <span class='ocrx_word' id='word_1_62' title='bbox 909 1460 1115 1556; x_wconf 90' lang='lat' dir='ltr'>portionem</span> <span class='ocrx_word' id='word_1_63' title='bbox 1137 1454 1211 1533; x_wconf 91' lang='lat' dir='ltr'>stu·</span> 
     </span>
     <span class='ocr_line' id='line_1_10' title="bbox 158 1551 1369 1655; baseline -0.002 -23"><span class='ocrx_word' id='word_1_64' title='bbox 158 1557 279 1632; x_wconf 76' lang='lat' dir='ltr'>eruum</span> <span class='ocrx_word' id='word_1_65' title='bbox 312 1556 463 1629; x_wconf 89' lang='lat' dir='ltr'>retinere</span> <span class='ocrx_word' id='word_1_66' title='bbox 489 1551 615 1649; x_wconf 74' lang='lat' dir='ltr'>possm,</span> <span class='ocrx_word' id='word_1_67' title='bbox 634 1570 718 1653; x_wconf 88' lang='lat' dir='ltr'>puta</span> <span class='ocrx_word' id='word_1_68' title='bbox 745 1570 1020 1655; x_wconf 85' lang='lat' dir='ltr'>paupertatem,</span> <span class='ocrx_word' id='word_1_69' title='bbox 1044 1556 1212 1632; x_wconf 88' lang='lat' dir='ltr'>nimium·</span> <span class='ocrx_word' id='word_1_70' title='bbox 1362 1573 1369 1582; x_wconf 75' lang='grc'><strong><em>’</em></strong></span> 
     </span>
     <span class='ocr_line' id='line_1_11' title="bbox 159 1652 1213 1753; baseline 0.001 -23"><span class='ocrx_word' id='word_1_71' title='bbox 159 1678 231 1751; x_wconf 86' lang='lat' dir='ltr'>que</span> <span class='ocrx_word' id='word_1_72' title='bbox 261 1652 481 1751; x_wconf 86' lang='lat' dir='ltr'>dispendium</span> <span class='ocrx_word' id='word_1_73' title='bbox 511 1675 557 1728; x_wconf 83' lang='lat' dir='ltr'>ex</span> <span class='ocrx_word' id='word_1_74' title='bbox 585 1656 847 1732; x_wconf 87' lang='lat' dir='ltr'>renuntiatione</span> <span class='ocrx_word' id='word_1_75' title='bbox 873 1660 1109 1753; x_wconf 86' lang='lat' dir='ltr'>proveniens,</span> <span class='ocrx_word' id='word_1_76' title='bbox 1128 1656 1213 1753; x_wconf 87' lang='lat' dir='ltr'>quia</span> 
     </span>
     <span class='ocr_line' id='line_1_12' title="bbox 160 1750 1292 1853; baseline -0.001 -22"><span class='ocrx_word' id='word_1_77' title='bbox 160 1754 289 1831; x_wconf 88' lang='lat' dir='ltr'>scilicet</span> <span class='ocrx_word' id='word_1_78' title='bbox 307 1795 317 1830; x_wconf 68' lang='lat'><em>2</em></span> <span class='ocrx_word' id='word_1_79' title='bbox 337 1774 404 1829; x_wconf 87' lang='lat' dir='ltr'>nec</span> <span class='ocrx_word' id='word_1_80' title='bbox 427 1750 569 1830; x_wconf 81' lang='lat' dir='ltr'>aliunde</span> <span class='ocrx_word' id='word_1_81' title='bbox 587 1776 639 1831; x_wconf 81' lang='lat' dir='ltr'>ex</span> <span class='ocrx_word' id='word_1_82' title='bbox 675 1752 833 1832; x_wconf 77' lang='lat' dir='ltr'>Ecclesia</span> <span class='ocrx_word' id='word_1_83' title='bbox 862 1758 994 1832; x_wconf 81' lang='lat' dir='ltr'>bonis.</span> <span class='ocrx_word' id='word_1_84' title='bbox 1025 1777 1140 1853; x_wconf 87' lang='lat' dir='ltr'>neque</span> <span class='ocrx_word' id='word_1_85' title='bbox 1165 1774 1214 1830; x_wconf 81' lang='lat' dir='ltr'>ex</span> <span class='ocrx_word' id='word_1_86' title='bbox 1288 1831 1292 1839; x_wconf 80' lang='grc'>,</span> 
     </span>
     <span class='ocr_line' id='line_1_13' title="bbox 160 1850 1215 1953; baseline 0.003 -26"><span class='ocrx_word' id='word_1_87' title='bbox 160 1854 381 1950; x_wconf 90' lang='lat' dir='ltr'>patrimonio</span> <span class='ocrx_word' id='word_1_88' title='bbox 398 1868 616 1948; x_wconf 82' lang='lat' dir='ltr'>proventum</span> <span class='ocrx_word' id='word_1_89' title='bbox 639 1851 767 1934; x_wconf 84' lang='lat' dir='ltr'>habet,</span> <span class='ocrx_word' id='word_1_90' title='bbox 791 1858 854 1953; x_wconf 90' lang='lat' dir='ltr'>qui</span> <span class='ocrx_word' id='word_1_91' title='bbox 879 1855 923 1930; x_wconf 88' lang='lat' dir='ltr'>ad</span> <span class='ocrx_word' id='word_1_92' title='bbox 953 1854 1136 1930; x_wconf 88' lang='lat' dir='ltr'>honestam</span> <span class='ocrx_word' id='word_1_93' title='bbox 1158 1850 1215 1930; x_wconf 86' lang='lat' dir='ltr'>su·</span> 
     </span>
     <span class='ocr_line' id='line_1_14' title="bbox 161 1947 1216 2048; baseline 0 -19"><span class='ocrx_word' id='word_1_94' title='bbox 161 1953 410 2029; x_wconf 84' lang='lat' dir='ltr'>lientationem</span> <span class='ocrx_word' id='word_1_95' title='bbox 433 1947 586 2029; x_wconf 89' lang='lat' dir='ltr'>sufficiat.</span> <span class='ocrx_word' id='word_1_96' title='bbox 616 1952 650 2028; x_wconf 87' lang='lat' dir='ltr'>Si</span> <span class='ocrx_word' id='word_1_97' title='bbox 669 1976 755 2029; x_wconf 87' lang='lat' dir='ltr'>vero</span> <span class='ocrx_word' id='word_1_98' title='bbox 777 1954 913 2044; x_wconf 89' lang='lat' dir='ltr'>nullum</span> <span class='ocrx_word' id='word_1_99' title='bbox 938 1952 1139 2048; x_wconf 85' lang='lat' dir='ltr'>hujusmodi</span> <span class='ocrx_word' id='word_1_100' title='bbox 1167 1952 1216 2029; x_wconf 89' lang='lat' dir='ltr'>ti·</span> 
     </span>
     <span class='ocr_line' id='line_1_15' title="bbox 161 2050 1215 2150; baseline -0.001 -22"><span class='ocrx_word' id='word_1_101' title='bbox 161 2051 277 2128; x_wconf 86' lang='lat' dir='ltr'>tuluna</span> <span class='ocrx_word' id='word_1_102' title='bbox 304 2074 384 2127; x_wconf 86' lang='lat' dir='ltr'>vere</span> <span class='ocrx_word' id='word_1_103' title='bbox 407 2057 563 2148; x_wconf 86' lang='lat' dir='ltr'>prolerre</span> <span class='ocrx_word' id='word_1_104' title='bbox 585 2050 711 2149; x_wconf 88' lang='lat' dir='ltr'>pollit,</span> <span class='ocrx_word' id='word_1_105' title='bbox 734 2052 770 2129; x_wconf 80' lang='lat' dir='ltr'>dt</span> <span class='ocrx_word' id='word_1_106' title='bbox 793 2071 910 2130; x_wconf 90' lang='lat' dir='ltr'>tamen</span> <span class='ocrx_word' id='word_1_107' title='bbox 937 2052 1111 2132; x_wconf 79' lang='lat' dir='ltr'>stutiuum</span> <span class='ocrx_word' id='word_1_108' title='bbox 1135 2072 1215 2150; x_wconf 88' lang='lat' dir='ltr'>par·</span> 
     </span>
    </p>

    <p class='ocr_par' dir='ltr' id='par_1_7' title="bbox 162 2146 1213 2351">
     <span class='ocr_line' id='line_1_16' title="bbox 163 2146 1213 2250; baseline 0 -22"><span class='ocrx_word' id='word_1_109' title='bbox 163 2169 236 2228; x_wconf 91' lang='lat' dir='ltr'>tem</span> <span class='ocrx_word' id='word_1_110' title='bbox 261 2150 321 2226; x_wconf 89' lang='lat' dir='ltr'>libi</span> <span class='ocrx_word' id='word_1_111' title='bbox 346 2149 502 2228; x_wconf 90' lang='lat' dir='ltr'>securam</span> <span class='ocrx_word' id='word_1_112' title='bbox 537 2153 644 2238; x_wconf 85' lang='lat' dir='ltr'>velit,</span> <span class='ocrx_word' id='word_1_113' title='bbox 665 2152 719 2227; x_wconf 89' lang='lat' dir='ltr'>vel</span> <span class='ocrx_word' id='word_1_114' title='bbox 747 2175 815 2248; x_wconf 87' lang='lat' dir='ltr'>pro</span> <span class='ocrx_word' id='word_1_115' title='bbox 844 2155 960 2250; x_wconf 90' lang='lat' dir='ltr'>pretio</span> <span class='ocrx_word' id='word_1_116' title='bbox 987 2150 1145 2231; x_wconf 88' lang='lat' dir='ltr'>beneficii</span> <span class='ocrx_word' id='word_1_117' title='bbox 1175 2146 1213 2228; x_wconf 86' lang='lat' dir='ltr'>id</span> 
     </span>
     <span class='ocr_line' id='line_1_17' title="bbox 162 2250 1212 2351; baseline 0.001 -25"><span class='ocrx_word' id='word_1_118' title='bbox 162 2251 347 2347; x_wconf 88' lang='lat' dir='ltr'>deposcit,</span> <span class='ocrx_word' id='word_1_119' title='bbox 371 2251 419 2328; x_wconf 88' lang='lat' dir='ltr'>est</span> <span class='ocrx_word' id='word_1_120' title='bbox 437 2250 647 2329; x_wconf 83' lang='lat' dir='ltr'>simoniacus</span> <span class='ocrx_word' id='word_1_121' title='bbox 665 2274 787 2329; x_wconf 91' lang='lat' dir='ltr'>coram</span> <span class='ocrx_word' id='word_1_122' title='bbox 811 2250 920 2339; x_wconf 88' lang='lat' dir='ltr'>Deo,</span> <span class='ocrx_word' id='word_1_123' title='bbox 940 2250 1069 2330; x_wconf 83' lang='lat' dir='ltr'>etiamst</span> <span class='ocrx_word' id='word_1_124' title='bbox 1089 2252 1212 2351; x_wconf 90' lang='lat' dir='ltr'>ponti·</span> 
     </span>
    </p>

    <p class='ocr_par' dir='ltr' id='par_1_8' title="bbox 161 2348 1212 2452">
     <span class='ocr_line' id='line_1_18' title="bbox 161 2348 1212 2452; baseline -0.004 -23"><span class='ocrx_word' id='word_1_125' title='bbox 161 2348 278 2440; x_wconf 80' lang='lat' dir='ltr'>liciam</span> <span class='ocrx_word' id='word_1_126' title='bbox 296 2348 586 2447; x_wconf 83' lang='lat' dir='ltr'>dispensationem</span> <span class='ocrx_word' id='word_1_127' title='bbox 603 2353 792 2448; x_wconf 88' lang='lat' dir='ltr'>obreptitie</span> <span class='ocrx_word' id='word_1_128' title='bbox 801 2357 1024 2452; x_wconf 82' lang='lat' dir='ltr'>impetratam</span> <span class='ocrx_word' id='word_1_129' title='bbox 1038 2352 1212 2445; x_wconf 79' lang='lat' dir='ltr'>ostendat.</span> 
     </span>
    </p>
   </div>
   <div class='ocr_carea' id='block_1_4' title="bbox 457 2503 918 2590">
    <p class='ocr_par' dir='ltr' id='par_1_9' title="bbox 457 2503 918 2590">
     <span class='ocr_line' id='line_1_19' title="bbox 457 2503 918 2590; baseline 0.009 -6"><span class='ocrx_word' id='word_1_130' title='bbox 457 2503 775 2590; x_wconf 82' lang='lat' dir='ltr'>REGULA</span> <span class='ocrx_word' id='word_1_131' title='bbox 829 2506 918 2590; x_wconf 91' lang='lat' dir='ltr'>lX.</span> 
     </span>
    </p>
   </div>
   <div class='ocr_carea' id='block_1_5' title="bbox 106 2661 1216 2946">
    <p class='ocr_par' dir='ltr' id='par_1_10' title="bbox 106 2661 1216 2946">
     <span class='ocr_line' id='line_1_20' title="bbox 106 2661 1216 2763; baseline -0.002 -17"><span class='ocrx_word' id='word_1_132' title='bbox 106 2752 109 2759; x_wconf 70' lang='grc'>,</span> <span class='ocrx_word' id='word_1_133' title='bbox 162 2661 432 2760; x_wconf 80' lang='lat' dir='ltr'>Resrgnrtioner</span> <span class='ocrx_word' id='word_1_134' title='bbox 453 2665 673 2763; x_wconf 81' lang='lat' dir='ltr'>incognitis,</span> <span class='ocrx_word' id='word_1_135' title='bbox 697 2666 733 2743; x_wconf 79' lang='lat' dir='ltr'>da</span> <span class='ocrx_word' id='word_1_136' title='bbox 759 2665 914 2744; x_wconf 77' lang='lat' dir='ltr'>obscuris</span> <span class='ocrx_word' id='word_1_137' title='bbox 936 2665 1142 2745; x_wconf 84' lang='lat' dir='ltr'>hominibus</span> <span class='ocrx_word' id='word_1_138' title='bbox 1162 2663 1216 2744; x_wconf 90' lang='lat' dir='ltr'>sa·</span> 
     </span>
     <span class='ocr_line' id='line_1_21' title="bbox 155 2763 1215 2865; baseline 0.003 -23"><span class='ocrx_word' id='word_1_139' title='bbox 155 2823 158 2828; x_wconf 86' lang='lat'>-</span> <span class='ocrx_word' id='word_1_140' title='bbox 212 2766 307 2856; x_wconf 72' lang='lat' dir='ltr'>tiu,</span> <span class='ocrx_word' id='word_1_141' title='bbox 333 2763 378 2839; x_wconf 92' lang='lat' dir='ltr'>de</span> <span class='ocrx_word' id='word_1_142' title='bbox 398 2764 544 2840; x_wconf 79' lang='lat' dir='ltr'>simonia</span> <span class='ocrx_word' id='word_1_143' title='bbox 574 2766 802 2842; x_wconf 83' lang='lat' dir='ltr'>vehementer</span> <span class='ocrx_word' id='word_1_144' title='bbox 833 2763 992 2865; x_wconf 71' lang='lat' dir='ltr'>suspecta</span> <span class='ocrx_word' id='word_1_145' title='bbox 1019 2766 1123 2852; x_wconf 83' lang='lat' dir='ltr'>sunt,</span> <span class='ocrx_word' id='word_1_146' title='bbox 1146 2785 1215 2845; x_wconf 81' lang='lat' dir='ltr'>uec</span> 
     </span>
     <span class='ocr_line' id='line_1_22' title="bbox 212 2863 976 2946; baseline 0 -6"><span class='ocrx_word' id='word_1_147' title='bbox 212 2869 257 2940; x_wconf 92' lang='lat' dir='ltr'>ab</span> <span class='ocrx_word' id='word_1_148' title='bbox 278 2863 472 2946; x_wconf 83' lang='lat' dir='ltr'>Ordinatio</span> <span class='ocrx_word' id='word_1_149' title='bbox 501 2863 600 2942; x_wconf 87' lang='lat' dir='ltr'>sacile</span> <span class='ocrx_word' id='word_1_150' title='bbox 628 2864 768 2941; x_wconf 86' lang='lat' dir='ltr'>admitti</span> <span class='ocrx_word' id='word_1_151' title='bbox 800 2865 944 2942; x_wconf 83' lang='lat' dir='ltr'>debent.</span> <span class='ocrx_word' id='word_1_152' title='bbox 973 2924 976 2932; x_wconf 87' lang='lat'>.</span> 
     </span>
    </p>
   </div>
   <div class='ocr_carea' id='block_1_6' title="bbox 93 3011 1482 3908">
    <p class='ocr_par' dir='ltr' id='par_1_11' title="bbox 93 3011 1482 3908">
     <span class='ocr_line' id='line_1_23' title="bbox 162 3011 1414 3185; baseline -0.002 -85"><span class='ocrx_word' id='word_1_153' title='bbox 162 3027 248 3185; x_wconf 84' lang='lat' dir='ltr'>H</span> <span class='ocrx_word' id='word_1_154' title='bbox 262 3046 327 3100; x_wconf 89' lang='lat' dir='ltr'>ane</span> <span class='ocrx_word' id='word_1_155' title='bbox 345 3018 525 3119; x_wconf 86' lang='lat' dir='ltr'>Regulam·</span> <span class='ocrx_word' id='word_1_156' title='bbox 542 3020 762 3100; x_wconf 89' lang='lat' dir='ltr'>traditidem</span> <span class='ocrx_word' id='word_1_157' title='bbox 783 3021 989 3102; x_wconf 87' lang='lat' dir='ltr'>Concilium</span> <span class='ocrx_word' id='word_1_158' title='bbox 1010 3017 1210 3099; x_wconf 87' lang='lat' dir='ltr'>Rothoma-</span> <span class='ocrx_word' id='word_1_159' title='bbox 1232 3011 1336 3082; x_wconf 76' lang='lat' dir='ltr'>innoc.</span> <span class='ocrx_word' id='word_1_160' title='bbox 1358 3011 1414 3108; x_wconf 66' lang='lat' dir='ltr'>1,st</span> 
     </span>
     <span class='ocr_line' id='line_1_24' title="bbox 274 3093 1412 3233; baseline -0.001 -34"><span class='ocrx_word' id='word_1_161' title='bbox 274 3122 379 3222; x_wconf 83' lang='lat' dir='ltr'>genie</span> <span class='ocrx_word' id='word_1_162' title='bbox 421 3176 444 3213; x_wconf 80' lang='lat'>„</span> <span class='ocrx_word' id='word_1_163' title='bbox 460 3178 482 3216; x_wconf 83' lang='lat'>„</span> <span class='ocrx_word' id='word_1_164' title='bbox 511 3119 776 3219; x_wconf 63' lang='lat' dir='ltr'>[designationes</span> <span class='ocrx_word' id='word_1_165' title='bbox 804 3117 978 3220; x_wconf 79' lang='lat' dir='ltr'>(inquit)</span> <span class='ocrx_word' id='word_1_166' title='bbox 1002 3121 1100 3199; x_wconf 81' lang='lat' dir='ltr'>sailae</span> <span class='ocrx_word' id='word_1_167' title='bbox 1121 3123 1217 3218; x_wconf 87' lang='lat' dir='ltr'>prius</span> <span class='ocrx_word' id='word_1_168' title='bbox 1234 3093 1412 3233; x_wconf 45' lang='grc' dir='ltr'>ᾗαρῗζξζξ·</span> 
     </span>
     <span class='ocr_line' id='line_1_25' title="bbox 165 3219 1398 3322; baseline 0.001 -22"><span class='ocrx_word' id='word_1_169' title='bbox 165 3225 379 3322; x_wconf 79' lang='lat' dir='ltr'>incognitis,</span> <span class='ocrx_word' id='word_1_170' title='bbox 398 3239 459 3300; x_wconf 89' lang='lat' dir='ltr'>aut</span> <span class='ocrx_word' id='word_1_171' title='bbox 481 3221 556 3307; x_wconf 89' lang='lat' dir='ltr'>his,</span> <span class='ocrx_word' id='word_1_172' title='bbox 575 3246 670 3321; x_wconf 82' lang='lat' dir='ltr'>quor</span> <span class='ocrx_word' id='word_1_173' title='bbox 697 3223 792 3300; x_wconf 91' lang='lat' dir='ltr'>nulla</span> <span class='ocrx_word' id='word_1_174' title='bbox 820 3227 958 3302; x_wconf 76' lang='lat' dir='ltr'>virtut.</span> <span class='ocrx_word' id='word_1_175' title='bbox 980 3237 1042 3300; x_wconf 88' lang='lat' dir='ltr'>aut</span> <span class='ocrx_word' id='word_1_176' title='bbox 1064 3219 1210 3320; x_wconf 80' lang='lat' dir='ltr'>singula·</span> <span class='ocrx_word' id='word_1_177' title='bbox 1235 3245 1398 3310; x_wconf 76' lang='lat' dir='ltr'>solicitum.</span> 
     </span>
     <span class='ocr_line' id='line_1_26' title="bbox 165 3319 1397 3419; baseline -0.002 -20"><span class='ocrx_word' id='word_1_178' title='bbox 165 3327 212 3399; x_wconf 83' lang='lat' dir='ltr'>ris</span> <span class='ocrx_word' id='word_1_179' title='bbox 238 3324 416 3401; x_wconf 76' lang='lat' dir='ltr'>eruditio,</span> <span class='ocrx_word' id='word_1_180' title='bbox 433 3322 583 3398; x_wconf 81' lang='lat' dir='ltr'>rut-alia</span> <span class='ocrx_word' id='word_1_181' title='bbox 600 3321 745 3399; x_wconf 83' lang='lat' dir='ltr'>honesta</span> <span class='ocrx_word' id='word_1_182' title='bbox 764 3322 864 3398; x_wconf 89' lang='lat' dir='ltr'>causa</span> <span class='ocrx_word' id='word_1_183' title='bbox 884 3319 1116 3419; x_wconf 85' lang='lat' dir='ltr'>commendat</span> <span class='ocrx_word' id='word_1_184' title='bbox 1132 3375 1143 3407; x_wconf 83' lang='lat'>.</span> <span class='ocrx_word' id='word_1_185' title='bbox 1165 3319 1213 3398; x_wconf 89' lang='lat' dir='ltr'>su·</span> <span class='ocrx_word' id='word_1_186' title='bbox 1236 3341 1288 3389; x_wconf 78' lang='lat' dir='ltr'>ner</span> <span class='ocrx_word' id='word_1_187' title='bbox 1307 3366 1317 3397; x_wconf 77' lang='lat' dir='ltr'>t</span> <span class='ocrx_word' id='word_1_188' title='bbox 1333 3321 1397 3384; x_wconf 66' lang='lat' dir='ltr'>litt·</span> 
     </span>
     <span class='ocr_line' id='line_1_27' title="bbox 167 3399 1397 3540; baseline -0.007 -41"><span class='ocrx_word' id='word_1_189' title='bbox 167 3422 289 3540; x_wconf 77' lang='lat' dir='ltr'>spetlae</span> <span class='ocrx_word' id='word_1_190' title='bbox 314 3423 359 3498; x_wconf 92' lang='lat' dir='ltr'>de</span> <span class='ocrx_word' id='word_1_191' title='bbox 380 3421 526 3499; x_wconf 80' lang='lat' dir='ltr'>simonia</span> <span class='ocrx_word' id='word_1_192' title='bbox 548 3422 769 3510; x_wconf 84' lang='lat' dir='ltr'>redduntur,</span> <span class='ocrx_word' id='word_1_193' title='bbox 794 3420 981 3513; x_wconf 70' lang='lat' dir='ltr'>presertim</span> <span class='ocrx_word' id='word_1_194' title='bbox 1011 3418 1035 3497; x_wconf 84' lang='lat' dir='ltr'>st</span> <span class='ocrx_word' id='word_1_195' title='bbox 1061 3419 1149 3520; x_wconf 90' lang='lat' dir='ltr'>quid</span> <span class='ocrx_word' id='word_1_196' title='bbox 1179 3421 1214 3497; x_wconf 88' lang='lat' dir='ltr'>il·</span> <span class='ocrx_word' id='word_1_197' title='bbox 1238 3399 1397 3507; x_wconf 73' lang='lat' dir='ltr'>depurga·</span> 
     </span>
     <span class='ocr_line' id='line_1_28' title="bbox 167 3487 1482 3627; baseline -0.005 -24"><span class='ocrx_word' id='word_1_198' title='bbox 167 3523 263 3603; x_wconf 81' lang='lat' dir='ltr'>licite</span> <span class='ocrx_word' id='word_1_199' title='bbox 280 3523 395 3599; x_wconf 81' lang='lat' dir='ltr'>aslum</span> <span class='ocrx_word' id='word_1_200' title='bbox 415 3521 506 3598; x_wconf 87' lang='lat' dir='ltr'>sama</span> <span class='ocrx_word' id='word_1_201' title='bbox 530 3522 738 3620; x_wconf 85' lang='lat' dir='ltr'>proclamet.</span> <span class='ocrx_word' id='word_1_202' title='bbox 770 3519 874 3600; x_wconf 84' lang='lat' dir='ltr'>Tales</span> <span class='ocrx_word' id='word_1_203' title='bbox 888 3523 995 3619; x_wconf 91' lang='lat' dir='ltr'>igitur</span> <span class='ocrx_word' id='word_1_204' title='bbox 1011 3519 1215 3618; x_wconf 78' lang='lat' dir='ltr'>resignatio·</span> <span class='ocrx_word' id='word_1_205' title='bbox 1238 3487 1320 3622; x_wconf 53' lang='grc' dir='ltr'>ἓξὲξ</span> <span class='ocrx_word' id='word_1_206' title='bbox 1334 3491 1429 3627; x_wconf 53' lang='lat' dir='ltr'>Q</span> <span class='ocrx_word' id='word_1_207' title='bbox 1480 3564 1482 3569; x_wconf 91' lang='lat'>·</span> 
     </span>
     <span class='ocr_line' id='line_1_29' title="bbox 124 3618 1221 3719; baseline -0.001 -21"><span class='ocrx_word' id='word_1_208' title='bbox 124 3706 127 3713; x_wconf 21' lang='grc'>1</span> <span class='ocrx_word' id='word_1_209' title='bbox 168 3646 231 3698; x_wconf 81' lang='lat' dir='ltr'>nes</span> <span class='ocrx_word' id='word_1_210' title='bbox 251 3643 325 3696; x_wconf 90' lang='lat' dir='ltr'>non</span> <span class='ocrx_word' id='word_1_211' title='bbox 348 3619 478 3696; x_wconf 86' lang='lat' dir='ltr'>debent</span> <span class='ocrx_word' id='word_1_212' title='bbox 498 3622 541 3696; x_wconf 92' lang='lat' dir='ltr'>ab</span> <span class='ocrx_word' id='word_1_213' title='bbox 560 3618 755 3700; x_wconf 88' lang='lat' dir='ltr'>Ordinatio</span> <span class='ocrx_word' id='word_1_214' title='bbox 773 3620 903 3719; x_wconf 85' lang='lat' dir='ltr'>absque</span> <span class='ocrx_word' id='word_1_215' title='bbox 923 3622 1138 3718; x_wconf 86' lang='lat' dir='ltr'>purgatione</span> <span class='ocrx_word' id='word_1_216' title='bbox 1161 3642 1221 3697; x_wconf 86' lang='lat' dir='ltr'>ca-</span> 
     </span>
     <span class='ocr_line' id='line_1_30' title="bbox 168 3717 1221 3799; baseline 0 -1"><span class='ocrx_word' id='word_1_217' title='bbox 168 3722 299 3798; x_wconf 92' lang='lat' dir='ltr'>nonica</span> <span class='ocrx_word' id='word_1_218' title='bbox 321 3741 397 3799; x_wconf 84' lang='lat' dir='ltr'>‚ex</span> <span class='ocrx_word' id='word_1_219' title='bbox 420 3717 577 3796; x_wconf 89' lang='lat' dir='ltr'>Decreto</span> <span class='ocrx_word' id='word_1_220' title='bbox 604 3719 803 3798; x_wconf 90' lang='lat' dir='ltr'>innocentii</span> <span class='ocrx_word' id='word_1_221' title='bbox 820 3718 881 3799; x_wconf 85' lang='lat' dir='ltr'>tlt.</span> <span class='ocrx_word' id='word_1_222' title='bbox 907 3736 1082 3797; x_wconf 83' lang='lat' dir='ltr'>renovato</span> <span class='ocrx_word' id='word_1_223' title='bbox 1099 3751 1113 3792; x_wconf 44' lang='lat'>&gt;2</span> <span class='ocrx_word' id='word_1_224' title='bbox 1135 3741 1221 3798; x_wconf 90' lang='lat' dir='ltr'>cum</span> 
     </span>
     <span class='ocr_line' id='line_1_31' title="bbox 93 3817 1220 3908; baseline 0.004 -12"><span class='ocrx_word' id='word_1_225' title='bbox 93 3818 105 3831; x_wconf 79' lang='grc'>”</span> <span class='ocrx_word' id='word_1_226' title='bbox 168 3820 215 3897; x_wconf 87' lang='lat' dir='ltr'>de</span> <span class='ocrx_word' id='word_1_227' title='bbox 227 3821 415 3899; x_wconf 82' lang='lat' dir='ltr'>Canonicir</span> <span class='ocrx_word' id='word_1_228' title='bbox 432 3818 686 3902; x_wconf 83' lang='lat' dir='ltr'>cathedralium</span> <span class='ocrx_word' id='word_1_229' title='bbox 704 3817 937 3902; x_wconf 84' lang='lat' dir='ltr'>Ecclesiarum</span> <span class='ocrx_word' id='word_1_230' title='bbox 949 3819 1133 3900; x_wconf 75' lang='lat' dir='ltr'>tractatam</span> <span class='ocrx_word' id='word_1_231' title='bbox 1148 3817 1220 3908; x_wconf 82' lang='lat' dir='ltr'>eli.</span> 
     </span>
    </p>
   </div>
   <div class='ocr_carea' id='block_1_7' title="bbox 170 3920 898 4201">
    <p class='ocr_par' dir='ltr' id='par_1_12' title="bbox 170 3920 898 4201">
     <span class='ocr_line' id='line_1_32' title="bbox 170 3920 736 4031; baseline -0.007 -30"><span class='ocrx_word' id='word_1_232' title='bbox 170 3920 409 4016; x_wconf 80' lang='lat' dir='ltr'>admitti„„.</span> <span class='ocrx_word' id='word_1_233' title='bbox 733 4026 736 4031; x_wconf 21' lang='grc' dir='ltr'>Ι</span> 
     </span>
     <span class='ocr_line' id='line_1_33' title="bbox 332 4088 898 4201; baseline -0.007 -26"><span class='ocrx_word' id='word_1_234' title='bbox 332 4142 368 4201; x_wconf 49' lang='lat' dir='ltr'>f·</span> <span class='ocrx_word' id='word_1_235' title='bbox 465 4094 500 4175; x_wconf 91' lang='lat' dir='ltr'>R</span> <span class='ocrx_word' id='word_1_236' title='bbox 527 4091 616 4178; x_wconf 86' lang='lat' dir='ltr'>EG</span> <span class='ocrx_word' id='word_1_237' title='bbox 642 4091 678 4172; x_wconf 86' lang='lat' dir='ltr'>U</span> <span class='ocrx_word' id='word_1_238' title='bbox 703 4091 737 4174; x_wconf 87' lang='lat' dir='ltr'>L</span> <span class='ocrx_word' id='word_1_239' title='bbox 762 4091 792 4172; x_wconf 81' lang='lat' dir='ltr'>d</span> <span class='ocrx_word' id='word_1_240' title='bbox 843 4088 898 4175; x_wconf 90' lang='lat' dir='ltr'>X.</span> 
     </span>
    </p>
   </div>
   <div class='ocr_carea' id='block_1_8' title="bbox 171 4212 1221 4449">
    <p class='ocr_par' dir='ltr' id='par_1_13' title="bbox 171 4212 1221 4449">
     <span class='ocr_line' id='line_1_34' title="bbox 171 4212 1221 4415; baseline 0 -85"><span class='ocrx_word' id='word_1_241' title='bbox 171 4251 379 4415; x_wconf 76' lang='lat' dir='ltr'>simoniae</span> <span class='ocrx_word' id='word_1_242' title='bbox 412 4274 491 4330; x_wconf 81' lang='lat' dir='ltr'>reus</span> <span class='ocrx_word' id='word_1_243' title='bbox 523 4250 602 4339; x_wconf 84' lang='lat' dir='ltr'>esi,</span> <span class='ocrx_word' id='word_1_244' title='bbox 642 4212 704 4350; x_wconf 80' lang='lat' dir='ltr'>qui</span> <span class='ocrx_word' id='word_1_245' title='bbox 743 4246 955 4329; x_wconf 84' lang='lat' dir='ltr'>beneficium</span> <span class='ocrx_word' id='word_1_246' title='bbox 988 4245 1139 4346; x_wconf 82' lang='lat' dir='ltr'>resignat</span> <span class='ocrx_word' id='word_1_247' title='bbox 1180 4273 1221 4330; x_wconf 77' lang='lat' dir='ltr'>ea</span> 
     </span>
     <span class='ocr_line' id='line_1_35' title="bbox 255 4350 1221 4449; baseline -0.004 -19"><span class='ocrx_word' id='word_1_248' title='bbox 255 4353 495 4439; x_wconf 85' lang='lat' dir='ltr'>conditione,</span> <span class='ocrx_word' id='word_1_249' title='bbox 529 4367 571 4436; x_wconf 88' lang='lat' dir='ltr'>ut</span> <span class='ocrx_word' id='word_1_250' title='bbox 604 4350 846 4449; x_wconf 78' lang='lat' dir='ltr'>resignatarius</span> <span class='ocrx_word' id='word_1_251' title='bbox 863 4367 971 4427; x_wconf 87' lang='lat' dir='ltr'>emat</span> <span class='ocrx_word' id='word_1_252' title='bbox 1007 4352 1136 4433; x_wconf 88' lang='lat' dir='ltr'>bona,</span> <span class='ocrx_word' id='word_1_253' title='bbox 1163 4351 1221 4427; x_wconf 80' lang='lat' dir='ltr'>vel</span> 
     </span>
    </p>
   </div>
   <div class='ocr_carea' id='block_1_9' title="bbox 169 4447 1220 4848">
    <p class='ocr_par' dir='ltr' id='par_1_14' title="bbox 169 4447 1220 4848">
     <span class='ocr_line' id='line_1_36' title="bbox 170 4447 1220 4555; baseline -0.003 -24"><span class='ocrx_word' id='word_1_254' title='bbox 170 4453 368 4531; x_wconf 90' lang='lat' dir='ltr'>immobilia</span> <span class='ocrx_word' id='word_1_255' title='bbox 384 4502 395 4537; x_wconf 85' lang='lat'>‚</span> <span class='ocrx_word' id='word_1_256' title='bbox 409 4452 464 4528; x_wconf 88' lang='lat' dir='ltr'>vel</span> <span class='ocrx_word' id='word_1_257' title='bbox 485 4450 629 4528; x_wconf 89' lang='lat' dir='ltr'>mobilia</span> <span class='ocrx_word' id='word_1_258' title='bbox 652 4506 663 4538; x_wconf 93' lang='lat'><strong>,</strong></span> <span class='ocrx_word' id='word_1_259' title='bbox 682 4475 727 4528; x_wconf 91' lang='lat' dir='ltr'>eo</span> <span class='ocrx_word' id='word_1_260' title='bbox 745 4447 933 4555; x_wconf 80' lang='lat' dir='ltr'>praesertim</span> <span class='ocrx_word' id='word_1_261' title='bbox 960 4453 1098 4547; x_wconf 84' lang='lat' dir='ltr'>pretio.</span> <span class='ocrx_word' id='word_1_262' title='bbox 1117 4448 1220 4549; x_wconf 89' lang='lat' dir='ltr'>quod</span> 
     </span>
     <span class='ocr_line' id='line_1_37' title="bbox 169 4549 1216 4650; baseline -0.002 -22"><span class='ocrx_word' id='word_1_263' title='bbox 169 4553 242 4647; x_wconf 91' lang='lat' dir='ltr'>ipse</span> <span class='ocrx_word' id='word_1_264' title='bbox 270 4551 360 4630; x_wconf 91' lang='lat' dir='ltr'>ultra</span> <span class='ocrx_word' id='word_1_265' title='bbox 393 4551 587 4650; x_wconf 90' lang='lat' dir='ltr'>legitimam</span> <span class='ocrx_word' id='word_1_266' title='bbox 617 4551 885 4628; x_wconf 81' lang='lat' dir='ltr'>aestimationem</span> <span class='ocrx_word' id='word_1_267' title='bbox 910 4549 1130 4649; x_wconf 61' lang='lat' dir='ltr'>prefixum</span> <span class='ocrx_word' id='word_1_268' title='bbox 1159 4550 1216 4626; x_wconf 80' lang='lat' dir='ltr'>vel</span> 
     </span>
     <span class='ocr_line' id='line_1_38' title="bbox 169 4648 1220 4848; baseline -0.003 -117"><span class='ocrx_word' id='word_1_269' title='bbox 169 4675 210 4759; x_wconf 72' lang='lat' dir='ltr'>ec</span> <span class='ocrx_word' id='word_1_270' title='bbox 236 4651 313 4754; x_wconf 81' lang='lat' dir='ltr'>lege</span> <span class='ocrx_word' id='word_1_271' title='bbox 330 4701 350 4781; x_wconf 18' lang='lat'>.-</span> <span class='ocrx_word' id='word_1_272' title='bbox 367 4668 407 4733; x_wconf 88' lang='lat' dir='ltr'>ut</span> <span class='ocrx_word' id='word_1_273' title='bbox 437 4650 782 4848; x_wconf 43' lang='lat' dir='ltr'>expensaaFregllssuat</span> <span class='ocrx_word' id='word_1_274' title='bbox 805 4675 933 4753; x_wconf 52' lang='lat' dir='ltr'>„quar</span> <span class='ocrx_word' id='word_1_275' title='bbox 958 4648 1006 4733; x_wconf 86' lang='lat' dir='ltr'>ad</span> <span class='ocrx_word' id='word_1_276' title='bbox 1027 4650 1220 4836; x_wconf 53' lang='lat' dir='ltr'>iulldapsrpu·</span> 
     </span>
    </p>
   </div>
   <div class='ocr_carea' id='block_1_10' title="bbox 0 0 1624 5375">
    <p class='ocr_par' dir='ltr' id='par_1_15' title="bbox 0 0 1624 5375">
     <span class='ocr_line' id='line_1_39' title="bbox 0 0 1624 5375; baseline 0 0"><span class='ocrx_word' id='word_1_277' title='bbox 0 0 1624 5375; x_wconf 95' lang='lat' dir='ltr'> </span> 
     </span>
    </p>
   </div>
  </div>
 </body>
</html>
