3200 5375
422 644 523 805 ur
590 688 748 789 Theou
775 690 892 807 ung.
923 664 1152 785 o‘ntorn.
1179 684 1278 787 un.
1309 686 1398 811 ιιοῃ

440 858 611 953 simmia,
630 864 733 961 culus
752 860 831 941 ltaec
850 862 930 941 sunt
952 860 1080 943 rebat
1101 916 1123 953 „
1136 852 1288 953 „Sicut
1303 882 1379 963 pro
1397 860 1491 945 cub

439 964 654 1053 didicimus,
672 963 908 1063 impletisque
936 960 1090 1047 iocis.o
1113 958 1220 1059 pltris
1239 982 1286 1039 ue
1311 962 1491 1061 perionis.

442 1062 541 1164 quoii
568 1064 753 1143 columbos
779 1062 906 1159 tempii
930 1060 1193 1147 vendentibus,
1213 982 1308 1139 gunt
1335 1062 1493 1145 exodio·

441 1187 529 1244 nes.
548 1164 586 1241 de
608 1158 830 1242 extorsiones
852 1177 996 1259 turpet.
1018 1160 1055 1235 ἀ
1078 1180 1194 1255 onec
1214 1182 1285 1257 pro
1307 1162 1494 1245 consent·

440 1266 601 1343 tionibus
620 1258 898 1363 spiscoponin,
914 1258 1217 1337 benedidionibut
1228 1259 1444 1353 Abbttum.
1461 1268 1493 1343 d

442 1364 641 1446 Ordinibus
661 1362 909 1455 clericorum
924 1359 974 1435 est
1003 1380 1046 1437 ut
1065 1374 1224 1437 taxatum
1247 1378 1435 1457 qutntum
1454 1362 1495 1443 it

362 1456 371 1475 ’
442 1466 527 1547 isti,
550 1464 605 1541 vel
627 1464 700 1545 iiii,
720 1478 942 1563 quantumve
969 1382 1066 1537 duri
1089 1512 1101 1546 ‚
1128 1458 1184 1537 vei
1206 1458 1262 1577 dii
1288 1462 1495 1559 persolven-

442 1566 557 1654 dum;
581 1566 618 1641 de
641 1562 686 1639 od
707 1561 892 1641 cumulum
913 1579 1056 1657 matous
1082 1558 1320 1637 drmmnonir
1342 1564 1491 1661 quidem

1004 1759 1491 1857 e..

479 1790 501 1839 n
528 1788 587 1839 ere
737 1786 762 1838 n
778 1786 861 1840 ueu

442 1880 528 1942 um.
558 1785 714 1941 Tuffitm
737 1864 846 1957 igitur
867 1861 1007 1937 uboiere
1026 1860 1188 1939 volentes
1210 1858 1384 1951 abusum,
1406 1884 1492 1941 cou-

441 1962 664 2046 suetudinem
688 1959 910 2055 hujusmodi.
927 1982 1008 2056 quae
1033 1960 1144 2055 magis
1165 1957 1318 2036 diceudo
1339 1962 1393 2039 est
1412 1986 1492 2041 cor.

441 2063 610 2164 rupteia.
634 2064 773 2159 penitus
800 2062 1058 2157 reprobamur,
1083 2058 1238 2135 iimiliter
1267 2060 1489 2151 ihtoentet.

441 2185 483 2241 ut
502 2160 743 2259 pretiumve
766 2160 1012 2244 conferendis.
1035 2158 1105 2235 iire
1123 2158 1279 2237 nouato.
1296 2182 1412 2239 nemo
1430 2166 1492 2241 tii·

441 2263 531 2361 quid
560 2280 783 2435 qsuocunque
809 2274 987 2359 protextu
1013 2280 1157 2359 exigere
1173 2312 1185 2347 .
1204 2272 1268 2337 tut
1292 2276 1491 2363 extorque·

439 2381 480 2437 te
530 2385 574 2437 rae
590 2376 688 2438 umot
709 2414 732 2453 ‚,
749 2410 785 2451 „.

492 2384 611 2536 bpimib
632 2457 829 2537 Decretum
850 2455 1006 2535 ediderat
1024 2460 1177 2536 anterius
1196 2454 1313 2536 Conc·
1323 2454 1491 2541 hreno.

439 2559 502 2636 sub
533 2562 628 2641 Aisx,
642 2563 710 2633 Ill.
733 2581 779 2636 tx
801 2580 878 2654 quo
898 2557 1045 2634 refertur
1064 2581 1141 2655 cop.
1169 2566 1250 2629 Cum
1268 2570 1304 2629 io
1323 2559 1489 2645 iirrirda,

437 2656 522 2740 Ext.
554 2663 605 2732 ue
632 2663 801 2736 Simonis,
820 2660 920 2754 cujus
945 2656 1022 2735 haec
1051 2658 1129 2735 iunt
1152 2663 1283 2737 verbs:
1305 2715 1362 2754 Μ,
1388 2658 1488 2739 Hor·

437 2761 539 2838 ribiie
558 2762 663 2837 nimis
682 2760 754 2837 ests
775 2760 876 2857 quod
899 2764 935 2833 in
957 2759 1163 2854 quibusdam
1187 2757 1349 2838 Ecciefiis
1365 2762 1487 2841 iocum

435 2860 605 2937 venalitas
634 2859 838 2957 perhibetur
865 2857 1017 2951 habere;
1045 2862 1091 2933 ita
1122 2874 1164 2936 ut
1190 2883 1259 2955 pro
1283 2859 1486 2961 Epii'copis.

435 2958 494 3036 vei
520 2962 735 3038 Abutimur,
758 2960 813 3034 sei
846 2959 1114 3057 quibuscunque
1133 2957 1299 3133 lfessonis
1327 2961 1487 3042 conteie-

436 3057 530 3135 sticis
552 3063 588 3135 in
608 3061 758 3143 sedem,
778 3057 835 3134 seu
853 3058 1119 3134 introducendis
1160 3060 1348 3158 tesbyterit
1361 3065 1402 3139 iu
1424 3063 1484 3142 Ec·

389 3221 394 3234 .
436 3158 634 3235 eiciam...
660 3158 717 3234 seu
741 3157 812 3232 airis
838 3156 1092 3242 Sacramentis,
1114 3157 1247 3258 aliquid
1269 3163 1483 3258 requiretur.

435 3255 569 3336 Putant
593 3276 710 3334 sutem
729 3258 846 3357 piures
865 3280 910 3332 ex
931 3256 1003 3332 hoc
1023 3257 1146 3341 licere,
1170 3260 1253 3354 quio
1268 3259 1388 3356 legem
1408 3287 1486 3339 mo·

435 3359 484 3434 tis
503 3357 549 3433 de
562 3358 670 3452 ionga
690 3353 868 3433 invaluisse
886 3357 1141 3434 contuerodine
1152 3359 1364 3437 arbitrantur
1381 3381 1394 3449 ;
1411 3386 1483 3440 non

434 3458 676 3541 attendentes,
692 3455 791 3553 quod
809 3471 909 3531 tanto
924 3459 1084 3553 graviora
1099 3459 1357 3537 i'untcrintinar
1372 3483 1485 3558 quan·

434 3569 477 3632 to
490 3556 621 3632 diutius
642 3556 816 3631 ini'eiicetn
834 3559 986 3630 animam
1001 3575 1190 3633 tenuerunt
1207 3557 1416 3654 alligatum
1440 3585 1483 3638 nt

434 3655 544 3749 igitur
571 3653 646 3731 haec
669 3657 713 3729 de
738 3671 868 3729 caetero
883 3654 994 3741 fiant,
1022 3657 1077 3731 uei
1105 3679 1172 3751 pro
1193 3664 1350 3752 perionis
1372 3662 1484 3738 eccle·

434 3752 571 3829 susticis
595 3753 811 3832 deducendis
836 3756 872 3829 in
895 3753 1022 3830 Sedent
1047 3809 1057 3841 ,
1079 3755 1134 3831 vei
1157 3756 1412 3835 Sacerdotibus
1430 3766 1480 3836 in-

433 3852 679 3930 stituendis·.·
705 3854 761 3930 itu
784 3853 855 3928 aliis
879 3852 1110 3931 Sacramentis
1137 3859 1397 3946 conferendis,
1426 3865 1480 3937 i'eu

433 3953 570 4030 collutis
595 3953 725 4050 aliquid
751 3957 943 4048 exigatur,
965 3953 1147 4030 diiiritiius
1171 3954 1420 4054 prohibemus·
1446 3961 1481 4037 Si

431 4058 512 4150 quis
534 4069 653 4130 sutem
681 4073 807 4130 contra
843 4052 916 4129 hoc
937 4056 1054 4128 venire
1081 4053 1366 4149 praesumpserit,
1396 4083 1481 4157 pot·

430 4156 568 4230 tionem
590 4176 673 4230 cunr
696 4151 798 4230 Giezi
824 4151 856 4229 sc
886 4154 1024 4229 noverit
1051 4151 1252 4231 habitururn
1283 4210 1306 4246 „
1326 4204 1361 4247 „.

476 4249 607 4328 Rursus
635 4255 746 4322 Innot·
762 4256 831 4323 III.
860 4275 939 4343 cap.
970 4254 1009 4322 In
1048 4272 1190 4330 tontum.
1227 4251 1309 4330 Ext.
1335 4261 1395 4327 De
1433 4255 1479 4326 Si·

427 4357 548 4420 monio.
567 4348 806 4428 Cantuorienfi
822 4349 1095 4447 Arcbiepiicopo
1110 4351 1248 4438 scribit,
1265 4372 1305 4429 ut
1319 4411 1341 4447 „
1354 4412 1377 4448 ‚,
1398 4351 1480 4431 Pra-

425 4469 509 4522 tum
533 4447 625 4526 illam
654 4453 944 4529 coniuctudiuent
974 4452 1017 4526 de
1045 4453 1101 4528 sua
1129 4456 1309 4547 provincia
1340 4456 1477 4533 trudeat

423 4547 593 4632 abolere,
613 4573 676 4646 per
700 4573 807 4648 quom
830 4575 898 4648 pro
922 4549 1150 4628 Ecciefiarum
1182 4553 1386 4631 investitura
1417 4559 1478 4632 tir·

422 4643 625 4730 chidittoui
652 4673 808 4731 murtam
839 4655 1186 4749 argerrti31uioores
1218 4676 1305 4730 uero
1336 4654 1473 4733 Decani

1330 4777 1417 4833 tuc-
