3200 5375
795 547 801 560 9

348 640 424 777 De¹
449 666 718 777 sacramento
746 684 934 779 Ordinis.
969 687 972 692 ’
1108 696 1192 799 ’Μ

140 856 244 940 modi
281 859 457 956 conjuges
487 861 705 934 commixtio
737 882 967 958 corporum,
993 884 1068 941 non
1092 863 1192 945 dcet!

140 957 344 1057 hujusmodi
360 958 576 1055 lignaculum
598 957 824 1035 Sacramenti.
856 958 959 1037 Unde
971 964 999 1037 is
1010 967 1093 1060 ,qui
1108 989 1188 1042 mua

139 1064 261 1139 lierem
292 1063 334 1134 ab
356 1059 424 1133 alio
449 1062 526 1134 viro
548 1058 708 1142 ductam,
730 1057 786 1135 sed
812 1063 958 1137 minime
978 1068 1185 1160 cognitam.

139 1162 246 1240 duxit
270 1177 421 1236 uxorem
437 1181 448 1249 ;
467 1162 547 1255 quia
570 1178 636 1231 nec
658 1156 818 1250 illnnec
833 1159 904 1257 ipse
927 1181 1068 1239 carnem
1088 1162 1185 1243 luam

140 1257 256 1339 divilit
282 1264 318 1334 in
335 1259 451 1352 olores
468 1306 472 1328 2
488 1274 636 1353 propter
665 1255 738 1333 hoc
765 1260 928 1357 impediri
950 1282 1026 1337 non
1054 1262 1184 1351 debera

140 1357 227 1462 quin
252 1356 355 1453 polht
376 1359 419 1432 ad
440 1354 684 1434 Sacerdotium
709 1363 916 1452 promoveri
940 1404 1006 1452 ‚,‚,.
1318 1408 1322 1415 -

191 1456 346 1555 Bigamia
380 1454 652 1531 hmilitudinaria
678 1458 725 1530 ell
743 1462 1008 1538 matrimonium
1032 1470 1184 1541 attentat
1338 1505 1351 1567 l
1472 1537 1476 1552 ,

141 1574 220 1639 tum
263 1562 299 1633 dt
314 1556 621 1640 consummatum,
645 1559 849 1635 etiamtum
867 1560 1029 1655 virginer
1050 1568 1093 1638 ab
1111 1587 1181 1649 eo.

140 1664 200 1755 qui
222 1675 312 1734 voto
328 1657 475 1733 solemni
501 1655 663 1733 castitatis
689 1656 873 1734 obstrictas
896 1660 965 1745 eli,
987 1655 1056 1735 lare
1080 1660 1183 1741 latria

138 1756 340 1839 Ordinibus
366 1777 529 1837 annexo,
561 1753 631 1829 five
668 1754 825 1853 religiosa
855 1754 1069 1857 Profellrone
1089 1786 1183 1840 nun·

139 1874 273 1956 cupato
295 1882 311 1958 ¹3
333 1858 414 1948 quia
448 1876 509 1951 per
532 1851 733 1949 hujusmodi
766 1860 1031 1935 matrimonium
1058 1880 1188 1959 caniac

140 1959 320 2051 le,tquod
345 1954 546 2039 contrahit,
569 1954 676 2030 violat
696 1952 870 2051 spirituale
893 2012 903 2043 ,
950 1960 1023 2034 uod
1039 1957 1185 2050 praemia
1278 2013 1287 2036 κ

140 2055 322 2154 srt3quod
351 2054 515 2154 Bigamiae
547 2076 658 2149 genus
682 2054 784 2131 infert
810 1981 1180 2155 etiamqltregularita·

139 2172 243 2245 tem,
264 2173 305 2231 nt
324 2156 461 2231 contlat
482 2174 529 2231 ex
553 2153 640 2233 Can.
652 2151 833 2250 Qarquar
849 2210 860 2244 ‚
877 2158 976 2235 causa
998 2176 1055 2250 27.
1079 2182 1114 2254 q.
1144 2181 1176 2239 r⁶

139 2280 186 2334 ax
207 2280 285 2353 capt
307 2259 446 2348 Nuper,
464 2253 807 2348 Extraroeargama
830 2279 891 2327 nm
916 2261 1179 2344 ordinandts‚&

139 2380 187 2434 ex
201 2381 278 2453 cap,
295 2362 323 2426 A
341 2350 451 2437 nobis,
467 2353 597 2429 ibidem
611 2409 621 2439 ,
633 2356 732 2448 quod
752 2355 801 2432 est
815 2358 999 2427 Innocentir'
1019 2361 1086 2434 ΙΙΙ.
1109 2357 1183 2436 Re-
1234 2394 1236 2396 ·

138 2456 329 2555 sponium:
356 2510 410 2546 „„
435 2453 498 2532 llle
520 2469 637 2530 autem
654 2457 667 2539 t
684 2450 894 2556 inquit)qni
915 2462 951 2533 in
984 2456 1183 2535 Sobdiaco·
1283 2529 1285 2534 ,
1325 2522 1338 2530 .

138 2577 240 2646 natur
266 2554 407 2632 Ordine
437 2554 680 2632 constitutur,
706 2557 751 2630 de
783 2556 876 2650 fatto
904 2558 1072 2643 tantum(
1096 2560 1182 2653 quia

139 2657 185 2732 de
208 2657 283 2752 jare
308 2679 383 2732 non
402 2648 662 2750 potuitldurtit
683 2657 884 2732 viduam-ln
906 2679 1180 2755 uxorem‚pro·
1256 2684 1273 2753 ,ζ

139 2756 233 2832 fedo
257 2755 420 2853 [ligamus
452 2777 527 2828 non
550 2756 667 2830 exiliit
689 2801 700 2830 t
723 2754 781 2831 l'ed
811 2758 1022 2834 nec'viduae
1063 2756 1182 2856 potell

141 2856 180 2932 in
205 2858 348 2931 veritate
368 2856 436 2930 dici
461 2857 627 2938 maritust
650 2878 734 2931 cum
751 2857 841 2932 inter
865 2854 999 2952 ipsum,
1024 2859 1059 2932 dt
1083 2857 1181 2934 ‘rllarn
1243 2868 1245 2875 ’

140 2978 217 3031 non
239 2954 342 3031 fuerit
362 2955 544 3031 vinculum
567 2955 722 3030 maritale
747 2954 968 3032 contraitum
993 2976 1005 3044 ;
1029 2979 1115 3033 cum
1132 2979 1182 3032 eo

139 3069 259 3132 tamen
282 3072 408 3129 contra
433 3055 631 3130 doctrinam
661 3053 853 3153 Apostoli,
886 3071 1057 3154 tanquam
1094 3075 1180 3134 curn

140 3157 269 3231 marito
298 3154 413 3230 riduae
451 3154 641 3251 dil'penl'are
673 3177 750 3230 non
771 3156 888 3246 licet3
930 3178 1005 3232 non
1031 3168 1181 3253 propter

141 3253 357 3330 sacramenti
378 3252 554 3330 aetenum
577 3309 587 3337 ‚
608 3252 663 3328 led
697 3271 844 3351 propter
873 3253 1036 3331 affectum
1063 3259 1182 3332 inten-

141 3359 249 3430 tionis
272 3373 356 3430 cum
386 3377 495 3447 opere
519 3352 702 3430 subsecuto
730 3401 795 3445 ,‚„·
818 3351 913 3447 err
937 3358 1102 3430 nimirum
1130 3353 1183 3430 ab

142 3453 272 3529 lectum
292 3456 335 3528 ad
349 3454 484 3550 duplex
507 3457 770 3530 matrimonium
790 3454 917 3530 carnali
944 3454 1073 3553 copula
1096 3478 1181 3551 pro·
1246 3478 1273 3488 ’-

140 3553 226 3638 bat,
248 3576 290 3628 ac
315 3555 359 3627 de
379 3553 468 3629 latio
487 3556 755 3631 matrimonium
780 3553 988 3629 contrahere
1004 3570 1179 3634 attentata
1318 3589 1323 3608 ·

138 3659 299 3749 quamvis
334 3652 470 3728 nullum
491 3701 502 3739 ‚
524 3654 560 3728 da
592 3654 730 3729 irritum
753 3649 793 3726 ht
824 3651 899 3749 ipio
927 3656 1005 3747 jure
1030 3669 1180 3751 propter

138 3753 435 3850 impedimentum
459 3755 545 3829 voti.
576 3751 611 3827 Si
629 3769 745 3829 autem
761 3749 919 3828 Clericus
938 3753 981 3827 de
1001 3752 1091 3828 fatto
1106 3775 1185 3829 ma·

138 3867 348 3928 tnmnmum
377 3876 453 3927 non
473 3852 692 3938 contrahat,
720 3849 776 3928 led
811 3868 928 3929 tamen
956 3875 1096 3930 unam,
1125 3849 1186 3937 rel,

138 3952 258 4049 plures
283 3955 502 4028 concubinas
517 3952 665 4037 habeat,
690 3974 766 4026 non
786 3951 835 4024 ell
858 3973 941 4028 cum
974 3951 1048 4048 ipio
1072 3969 1182 4046 agen·v
1206 3988 1214 4031 2,

139 4052 248 4126 dum-r
267 4073 334 4126 ceu
353 4075 438 4127 cam
465 4049 633 4145 digamo,
656 4050 712 4125 sed
732 4072 817 4127 cum
849 4048 1011 4144 larraplicis
1029 4048 1183 4124 fornicar

138 4155 247 4227 tionis
266 4173 351 4233 reo,
377 4150 434 4226 lea
454 4153 712 4227 concubinario
737 4171 748 4230 3
778 4163 818 4224 ut
841 4148 992 4224 declarat
1013 4152 1181 4220 Innocenr.

138 4254 209 4321 ΙΙΙ.
235 4273 314 4346 cap.
340 4249 441 4346 Qua
459 4253 548 4322 circa
569 4253 733 4335 crimina,
756 4245 874 4325 Extra.
895 4253 948 4318 br
961 4249 1183 4343 Bigcmt'tnan

136 4353 338 4423 ordinandis.

189 4448 251 4526 lll·
281 4454 334 4525 An
360 4445 525 4544 Bigamiae
543 4444 773 4546 irregularitas
793 4470 839 4522 ex
863 4449 994 4544 nuptiis
1017 4463 1101 4524 ante
1116 4444 1184 4526 litt·=

166 4550 308 4625 tilmum
340 4550 528 4627 contraitis
554 4553 704 4636 oriretur
728 4599 738 4634 ,
774 4549 860 4623 olnn
895 4549 1093 4624 dubitatum
1119 4549 1182 4631 ert.

137 4571 292 4731 {colcha
313 4646 436 4730 Graeca
471 4672 554 4733 rum
580 4685 592 4738 ,=
626 4651 688 4747 qui
715 4663 795 4729 ante
824 4645 1049 4746 Baptismum
1066 4647 1184 4742 platea

874 4836 880 4881 l
1040 4768 1135 4825 UXO-

1265 1725 1281 1762 N
