3200 5375
91 186 1458 422 u

307 502 309 511 ¹
936 503 939 514 ι

1160 556 1166 569 ι

111 660 115 670 Ι

371 715 441 808 De
468 714 737 839 Sacrameuto
765 699 993 813 ordmm'-
1103 738 1189 824 215
1213 789 1219 839 ·.

134 892 234 986 elesa
251 884 404 983 foribus,
423 890 580 982 injiciens
602 914 743 976 manus,
772 892 874 984 ipsum
897 889 1186 977 apprehendimus-
1294 865 1304 901 ⁸

95 1073 97 1076 ,
133 1004 309 1079 invocato
332 993 479 1067 nomine
492 988 670 1078 Domini,
698 989 868 1068 caesariem
894 995 968 1091 ejus
992 993 1099 1091 capiti
1121 994 1187 1067 de·

135 1097 301 1179 trahens,
321 1091 442 1168 habitu
461 1087 678 1183 Religionis,
694 1092 827 1188 rejesiis
848 1092 1063 1170 saecularibus
1080 1114 1187 1174 ornas
1285 1181 1294 1191 ,
1353 1110 1358 1119 “

134 1198 285 1278 mentia}
305 1214 390 1268 cum
419 1193 658 1287 promotionis
677 1190 818 1269 honore
839 1194 1010 1268 induit...
1026 1189 1186 1271 ¹Germa·

135 1319 227 1377 num
246 1290 460 1398 Episcopum
484 1314 552 1366 una
568 1294 731 1367 omnium
756 1315 833 1366 vox
850 1293 1021 1390 pollulat3
1037 1293 1186 1373 ‘belluni

135 1395 241 1476 civile
260 1394 426 1470 indicitur
447 1391 632 1483 potestati,
650 1393 750 1484 cujus
769 1390 938 1486 subjeslio
960 1392 1067 1469 sacilis
1089 1392 1179 1477 suit.

137 1519 223 1575 com
243 1496 348 1568 etiam
365 1493 408 1565 ab
422 1488 497 1565 his,
527 1514 620 1593 quos
642 1513 708 1586 pro
735 1489 969 1589 separaverat
992 1538 1003 1572 ‚
1030 1494 1188 1568 sincero·
1329 1523 1335 1536 ·

138 1616 208 1673 tur·
234 1591 393 1687 Suscepit
404 1588 649 1668 Sacerdotium
668 1590 1185 1680 inv.ttus‚coaous‚addittus;

138 1695 196 1776 sed
230 1706 374 1791 repente
401 1706 556 1765 muratus
576 1713 621 1764 ex
650 1694 843 1773 omnibus3
868 1690 1033 1767 deseritur
1063 1691 1188 1768 mundi

138 1793 285 1877 militia,
310 1791 460 1867 coelestis
482 1787 662 1866 assumitur
684 1836 695 1869 ,
720 1790 833 1866 laeculi
858 1813 991 1887 pompa
1012 1792 1187 1877 calcatur.

140 1916 237 1973 uxor
257 1896 291 1965 in
323 1890 481 1966 sororem
504 1913 549 1963 ex
574 1892 732 1987 coniuge
751 1906 934 1991 mutatur,
963 1892 1022 1967 &c
1051 1940 1118 1985 „„.
1136 1888 1190 1967 lte

140 1996 247 2071 refert
265 1987 493 2067 condentium
517 1988 704 2085 Presbyter
727 1993 761 2065 in
787 1993 860 2085 sios
884 1992 963 2065 rita.
993 1989 1052 2068 Sic
1074 1998 1189 2061 Mace·

141 2097 258 2163 danius
290 2087 493 2168 Monachus
517 2086 737 2165 santliffimus
769 2145 780 2176 ‚
808 2088 845 2169 dt
872 2087 1084 2170 admiraudae
1106 2090 1191 2168 fior.-

142 2192 340 2296 plicitatis,
367 2189 641 2287 quodammodo
661 2192 791 2266 inritos
817 2212 836 2265 a
859 2193 1025 2261 Flaviano
1062 2191 1193 2268 Antio·

144 2290 264 2373 cheno
291 2287 465 2385 Episcopo
493 2286 678 2388 Presbyter
705 2291 887 2368 ordinatus
913 2291 962 2366 esi
978 2285 992 2379 '‚
1020 2302 1062 2368 ut
1086 2288 1194 2366 tesert

144 2390 367 2468 Theodoreus
379 2438 389 2472 ‚
403 2385 565 2470 Historia
579 2387 762 2483 Religiosae
774 2413 850 2484 cap.
870 2408 990 2483 13,„,‚
1007 2388 1192 2467 Flavianus

143 2489 511 2584 (inquirldemoutis
532 2488 847 2585 illumverticeper
862 2490 1012 2583 speciem
1040 2490 1191 2584 objest'oe
1284 2525 1286 2528 ·

143 2589 374 2676 accusationis
399 2589 575 2670 abduxit,
600 2592 636 2664 lit
666 2588 726 2666 sub
758 2591 945 2689 mysticum
973 2590 1193 2668 Sacrificium

142 2691 255 2771 Altarl
276 2691 453 2774 admovit,
474 2691 731 2784 cooptavitque
750 2691 786 2764 in
808 2712 996 2766 numerum
1020 2689 1196 2767 Sacerdo-

145 2804 239 2873 tom.
265 2788 432 2888 Cumque
456 2789 589 2884 perella
613 2789 751 2881 liturgia
769 2787 842 2865 hoc
865 2789 914 2863 illi
934 2788 1077 2885 quidam
1101 2787 1197 2862 indi.

145 2887 252 2969 callet
270 2889 479 2985 (ignorabat
495 2893 590 2966 enim
609 2886 748 2984 prorius
761 2888 848 2987 quid
862 2883 1010 2985 egisset)
1036 2891 1191 2983 primunr

146 2991 295 3088 quidem
319 2990 510 3072 conviciis,
524 2986 706 3084 verbisque
723 2985 846 3092 asperis
863 2985 1031 3085 proscidit
1052 2989 1195 3062 uuiver-
1328 3039 1339 3070 s

144 3089 229 3167 sos.
256 3089 384 3164 deinde
412 3104 561 3183 accepto
590 3086 718 3162 baculo
739 3141 750 3172 ,
773 3111 848 3184 quo
876 3091 1019 3163 innixus
1045 3092 1193 3184 propter
1308 3181 1310 3185 A

145 3189 281 3265 senium
304 3186 512 3273 incedebat,
531 3185 741 3262 Pontificem
764 3188 898 3283 ipsum,
923 3188 959 3262 dc
988 3185 1074 3262 alios
1099 3228 1110 3261 s
1133 3182 1196 3283 qut

148 3284 1197 3369 iderantnnsecutusest,Ordinationemhancratusmon·

152 3391 197 3464 tir
216 3390 382 3464 verticem
403 3385 464 3463 sibi
485 3441 495 3471 ,
518 3401 749 3484 optatamque
772 3384 1027 3474 habitationem
1053 3401 1199 3480 ereptu-
1344 3410 1349 3419 ·
1387 3378 1391 3389 “

150 3510 246 3581 ram;
270 3486 327 3561 sed
346 3504 424 3564 tum
443 3485 587 3584 quidem
609 3484 655 3560 sic
678 3483 923 3582 indignantem
937 3483 1197 3579 aegretandem

149 3588 253 3663 amici
266 3576 411 3684 quidam
424 3582 640 3662 sedaverunt·
662 3580 816 3675 Explere
829 3602 945 3661 autem
964 3582 1198 3661 hebdomada

149 3687 286 3775 circulo
313 3698 397 3763 cum
420 3680 570 3760 rediisset
599 3685 671 3759 dies
696 3682 934 3767 Dominicos,
955 3686 1083 3758 iterum
1109 3706 1198 3756 eno-

148 3800 207 3862 cat
230 3786 329 3862 illum
341 3806 489 3880 magnus
504 3777 706 3869 Flavianus,
725 3806 924 3883 rogatque,
941 3799 981 3859 ut
1001 3780 1196 3862 celebritati

150 3907 235 3962 com
261 3882 339 3980 ipsis
359 3882 501 3960 interfit.
528 3882 625 3960 Tum
649 3882 706 3956 ille
725 3885 769 3957 ad
797 3906 859 3960 eos
880 3938 890 3968 ,
912 3884 974 3980 qui
1000 3897 1194 3969 venerant,

150 3988 206 4062 An
236 3987 336 4059 vobis
358 3987 454 4069 ,ait‚
478 4006 553 4058 non
576 3979 750 4062 sufficiunt
772 4031 782 4065 ‚
801 4004 880 4079 quae
899 3984 968 4074 jam
995 3981 1067 4058 aila
1094 3978 1198 4062 sunt,

148 4084 207 4160 sed
236 4087 363 4158 iterum
395 4106 453 4157 me
487 4081 734 4181 Presbyterum
757 4105 876 4156 creare
904 4080 1046 4156 voltis?
1077 4077 1119 4154 Et
1143 4102 1202 4152 re·

149 4183 404 4281 spondentibus
425 4181 513 4267 illis,
531 4180 603 4256 sieri
625 4204 699 4255 nou
720 4178 817 4276 posse
833 4222 843 4255 s
862 4195 902 4256 ut
921 4182 972 4254 bis
993 4177 1115 4254 cadem
1140 4177 1201 4258 flac

148 4306 323 4360 manuum
345 4280 525 4377 impositio
548 4329 558 4362 ‚
579 4304 655 4355 non
683 4282 861 4375 acquievit
889 4333 898 4364 ,
924 4301 990 4354 nec
1022 4278 1201 4373 profectui

150 4385 222 4466 cst.
243 4381 361 4459 donec
381 4383 481 4457 illum
510 4394 650 4478 tempus
675 4433 684 4464 ,
706 4381 742 4454 dt
768 4379 950 4457 familiares
978 4377 1050 4457 hoc
1079 4377 1201 4472 saepiur

147 4482 352 4558 docuerunt
375 4536 396 4568 s
413 4529 448 4571 s·
475 4480 625 4557 Plurima
644 4479 820 4563 fontalia,
839 4482 874 4554 &
900 4479 1044 4576 quidem
1062 4478 1201 4556 illustria

147 4582 348 4671 sanslorum
369 4578 544 4656 Virorum
566 4579 749 4675 exempla>
768 4582 830 4676 qui
850 4577 918 4653 suae
936 4581 1138 4654 tenuitatis,
1157 4592 1196 4654 ut

146 4678 212 4787 fibi
238 4679 319 4780 ipsis
339 4681 568 4774 videbamur,
584 4679 715 4763 conscii
729 4680 794 4773 2&
818 4677 1011 4765 Sacerdoti
1033 4676 1199 4784 pondus,

1110 4797 1152 4860 tc

1004 4912 1009 4956 l
