3200 5375
492 807 796 922 DnSimoniaI
1094 749 1215 920 'aas

128 992 278 1060 'numm
300 976 416 1057 albam
435 976 497 1056 sibi
520 978 593 1056 dari
622 982 829 1084 pullulant,
848 978 903 1059 rel
927 989 1059 1059 oerum
1082 979 1172 1060 solvi

134 1085 296 1180 pecuniae
320 1084 551 1177 quantitatem
577 1128 651 1173 „„.
1153 1136 1164 1156 e

184 1180 355 1257 Eamdem
387 1177 560 1291 Regulam
601 1180 790 1262 confirmat
819 1180 853 1259 S.
882 1178 1049 1282 synodus
1070 1175 1174 1258 Tria.
1234 1193 1236 1198 ’

133 1277 206 1361 [eff.
219 1296 279 1371 24.
300 1283 354 1351 De
376 1279 523 1371 Reform.
538 1301 615 1378 cap.
635 1301 687 1372 ¹4·
705 1337 758 1372 ,‚‚‚
786 1280 827 1358 ln
841 1283 996 1379 pluribus
1013 1283 1177 1376 (iuquit)

122 1376 317 1466 'Eccleliis,
338 1394 413 1455 tam
440 1378 720 1467 cathedralibus,
747 1404 855 1479 quam
885 1382 1079 1478 collegiatis
1100 1431 1111 1460 .
1136 1380 1176 1458 ἃ

133 1479 422 1580 parochialibus,
446 1503 493 1556 ex
525 1504 645 1558 earum
669 1481 982 1559 constitutionibus
1005 1535 1016 1567 ,
1043 1496 1105 1558 aut
1128 1499 1177 1556 erc

131 1580 510 1676 pravaconi'uetudine
527 1582 702 1657 observari
723 1583 961 1680 intelligitur,
984 1596 1025 1656 ut
1046 1582 1082 1656 in
1108 1577 1180 1654 ele·
1306 1631 1311 1641 .

93 1693 100 1705 “
133 1681 253 1756 (lione
274 1727 286 1760 ,
305 1679 569 1775 praesentatione
593 1727 602 1750 -.
631 1684 907 1766 nominatione.
934 1681 1179 1761 institutione,

133 1776 431 1863 confirmatione,
455 1778 671 1865 collatione,
699 1781 753 1857 vel
773 1785 838 1857 alia
862 1778 1085 1879 provisione,
1110 1778 1180 1856 save

133 1873 340 1957 admillrone
368 1877 414 1953 ad
436 1873 681 1971 puileffionem
708 1880 853 1972 alicujus
878 1879 1085 1957 cathedralia
1112 1875 1184 1956 ue·
1243 1937 1247 1944 .

135 1979 248 2056 cleiiae
268 2024 279 2058 2
298 1975 354 2053 vel
382 1974 542 2053 beneficii
574 1983 850 2057 canonicatuum
866 2031 875 2063 ,
890 1997 950 2057 aut
976 1976 1182 2074 praebenda·

136 2100 240 2161 rum,
253 2077 308 2152 vel
327 2093 463 2173 partem
487 2093 754 2171 proventuum,
774 2080 831 2158 ieu
852 2081 899 2156 ad
919 2080 1181 2155 distributiones

136 2179 386 2276 uuondianaa,
406 2191 511 2253 certae
535 2179 785 2265 conditiones,
804 2179 859 2257 seu
883 2179 1113 2255 deduiiionea
1131 2197 1181 2253 ex

135 2279 323 2358 l'rurlibur,
342 2277 556 2362 inlutiones,
576 2276 841 2372 promillronea,
860 2278 1183 2376 compoiitionelve

137 2378 292 2460 illicitae,
314 2391 373 2453 aut
392 2380 497 2452 etiam
510 2430 520 2462 ,
534 2400 614 2471 quae
636 2382 670 2470 in
682 2379 855 2480 aliquibus
877 2377 1035 2456 Ecclesriv
1056 2378 1182 2453 dicun·

138 2489 199 2554 tut
225 2473 433 2553 Turnorum
458 2477 553 2553 lucta
574 2533 585 2563 ,
609 2479 907 2577 interponantur3
934 2478 1011 2557 lraec
1033 2501 1116 2555 cum
1145 2474 1183 2552 S·

137 2576 308 2675 synodus
337 2569 548 2661 detestetur,
566 2576 709 2654 mandat
733 2577 934 2678 Episcopit,
954 2595 994 2655 ut
1012 2599 1185 2675 quaecun-

139 2700 212 2777 que
232 2674 433 2769 bujuimodi
461 2679 496 2751 in
524 2675 600 2753 usus
624 2680 702 2771 pios
727 2704 802 2755 non
828 2692 1089 2756 convertuntur
1104 2722 1115 2756 i
1131 2691 1187 2752 at·

140 2772 404 2875 que-ingreiue
425 2799 511 2854 eoa,
531 2780 591 2872 qui
612 2776 810 2855 simoniacae
825 2778 932 2862 labis,
955 2795 1015 2854 aut
1035 2776 1186 2852 sordidae

140 2878 291 2953 avaritia
317 2874 548 2972 suspicionem
570 2877 725 2963 babent,
752 2877 825 2953 lieri
852 2900 926 2953 non
955 2880 1187 2973 permittant3
1296 2894 1298 2899 ·

142 2977 280 3073 ipiique
308 2974 494 3070 diligenter
516 2977 561 3051 de
591 2998 718 3053 eorum
743 2976 1055 3053 constitutionibus
1081 3023 1090 3051 2
1116 2972 1189 3050 sive

144 3075 457 3153 eonibetudtntbus
479 3074 580 3170 super
598 3075 767 3171 praedrtiis
788 3076 1038 3170 cognoscant,
1059 3075 1095 3150 δι
1122 3074 1188 3151 iilit

144 3189 306 3258 tantum,
325 3196 410 3271 quas
425 3190 465 3251 ut
484 3175 654 3250 laudabile
674 3182 918 3272 probaverint,
937 3181 1119 3270 exceptis,
1135 3196 1190 3250 re·

145 3277 240 3373 liqut
253 3292 425 3381 utpravaa
439 3321 447 3347 ,
461 3299 502 3351 ac
526 3274 736 3351 {candaloias
751 3277 931 3370 rejiciant,
954 3277 991 3349 br
1012 3273 1190 3349 aboleant.

147 3373 220 3453 an
250 3398 360 3460 vero,
387 3378 448 3471 qui
483 3373 643 3452 adveriiu
672 3375 748 3451 lvaec
777 3380 815 3451 in
844 3376 999 3472 praeienti
1028 3369 1190 3451 Decreto

135 3473 401 3572 ‘comprehensa
425 3529 434 3559 ,
458 3477 580 3573 quavis
615 3483 753 3551 ratione
771 3479 1041 3560 commii'erint,
1070 3474 1190 3569 poenit

149 3595 276 3653 contra
297 3572 508 3650 fimuniacos
539 3577 667 3657 editis,
689 3575 787 3652 iactis
810 3575 1016 3650 Canonibus
1037 3621 1047 3649 ,
1066 3575 1102 3649 br
1131 3595 1193 3647 va·

148 3679 207 3751 riis
238 3674 458 3752 summorum
495 3673 707 3753 Pontificum
740 3675 1079 3755 constitutionibus,
1104 3692 1192 3770 quaa

151 3797 279 3852 omnen
312 3778 493 3859 innovat,
521 3777 631 3852 teneri
657 3775 842 3865 decernit3
866 3798 940 3850 non
973 3774 1192 3850 obstantibus

149 3871 420 4050 guibui'cunque
455 3874 590 3950 statutis
609 3917 619 3948 ,
643 3875 980 3956 constitutionibus,
1002 3871 1194 3949 consuetu·

127 4032 130 4047 .
180 3978 294 4051 inibua
318 3980 424 4051 etiam
452 3974 824 4059 immemorabilibut,
863 3976 968 4048 etiam
1001 3970 1196 4065 apostolica

152 4074 606 4165 aucloritateconiirnratis3
621 4073 666 4149 de
688 4095 843 4168 quotum
865 4072 1083 4169 surreptione
1126 4069 1197 4142 ob·
1304 4118 1312 4149 ,-

154 4178 340 4269 reptione,
362 4178 396 4249 &
422 4178 626 4249 intentionis
650 4173 786 4249 deiectu
808 4171 999 4268 Episcopus
1026 4186 1196 4265 tauquam

154 4273 356 4369 apostolicae
376 4275 473 4351 Sedis
492 4276 690 4370 delegatus,
709 4267 1050 4373 cognoscere-polin
1075 4322 1144 4360 „„.

107 4380 114 4389 “
209 4371 252 4449 Et
271 4374 867 4466 Concliemeni‘eanno1583·„‚,
886 4369 1020 4451 Rerum
1033 4368 1194 4452 enaiim,

157 4494 239 4573 quae
263 4472 636 4570 proCanonicorum,
657 4475 693 4549 δι
720 4473 872 4549 aliorum
896 4469 1200 4550 beneficiariorum

156 4574 312 4673 ingreilu
335 4581 369 4650 in
404 4572 574 4667 plerii'raue
596 4573 685 4647 locis
719 4571 913 4667 suspicione
943 4571 1123 4648 simonia,
1144 4564 1201 4642 vel
1276 4638 1286 4661 ,

159 4672 306 4752 sordidae
329 4678 479 4751 avaritiae
504 4697 578 4748 non
605 4684 719 4756 caret,
740 4672 812 4748 lieri
841 4673 940 4752 nullo
976 4672 1088 4747 modo
1122 4688 1203 4764 per·

159 4777 331 4857 mittatur.
359 4776 532 4873 Quamvis
552 4774 738 4949 ΙαυάἒϋὲΙεε
756 4773 1028 4854 consuetudines
1048 4775 1082 4846 in
1102 4768 1205 4881 Qun·

717 4889 741 4951 2
1101 4887 1151 4944 ci·
