3200 5375
239 665 246 685 ’
349 692 419 782 De
447 691 717 783 Sacramento
746 693 930 788 Ordinis.
1102 715 1255 803 217„

140 891 217 948 oon
237 864 397 946 censetur
415 863 673 963 irregularitas,
689 862 752 941 nifi
774 867 812 942 iu
832 863 967 943 casabus
987 886 1007 942 a
1031 866 1109 963 jure
1128 880 1195 944 exe*

139 966 271 1069 pteffit.
300 965 406 1043 Unde
433 988 511 1041 can·
533 977 589 1051 18·
615 969 653 1034 de
675 970 843 1035 Sententia
870 968 1191 1047 Excommunicetio·

140 1096 192 1141 ms
210 1126 221 1157 ,
242 1073 278 1144 in
303 1067 424 1149 sexto,
448 1063 637 1163 respondet
663 1063 854 1151 Pontifex.
876 1066 977 1168 quod
999 1070 1048 1153 is,
1068 1069 1131 1169 qui
1149 1071 1190 1147 ln

138 1168 290 1250 Ecclesia
311 1165 509 1262 sanguinis,
525 1165 736 1243 autierninis
754 1164 927 1245 effufione
950 1166 1106 1264 polluta,
1129 1166 1189 1246 tel

139 1274 203 1369 qui
227 1263 453 1364 praesenribus
486 1269 611 1358 majori
643 1269 1020 1343 excommunicatione
1046 1269 1187 1345 nodatis

138 1373 286 1448 scienter
304 1364 481 1443 celebrare
498 1364 738 1462 praeiumpfit,
757 1363 838 1442 licet
852 1368 888 1444 in
910 1364 983 1442 hoc
1005 1371 1190 1444 temerarie

140 1483 248 1568 agat,
276 1465 536 1562 irregularitatis
565 1484 684 1541 tamen
714 1463 881 1564 laqueum
910 1489 986 1542 uon
1010 1468 1187 1549 incurrit}

141 1576 224 1641 Cum
247 1569 282 1638 id
298 1588 361 1635 non
380 1560 426 1653 fit
455 1560 634 1657 expreffims
660 1564 804 1657 injure.

190 1666 361 1746 Dicitur:
385 1664 471 1751 ,oua
493 1670 574 1760 qais
595 1669 638 1733 ad
653 1660 877 1752 scelestissime
900 1662 1038 1734 Ordines
1059 1684 1193 1757 pransos

140 1770 217 1841 veri
228 1823 239 1855 ,
257 1768 300 1840 O·
323 1768 359 1835 in
380 1762 492 1851 iisdem
514 1761 699 1842 ministare
716 1760 937 1867 prohibentes
957 1768 1191 1865 quiairregu·
1267 1771 1269 1774 ’

140 1869 254 1959 latitas
278 1867 446 1961 primario
473 1910 484 1942 2
512 1888 554 1940 ac
594 1864 725 1941 diresle
767 1864 883 1940 tendit
920 1864 964 1940 ad
995 1867 1194 1965 impedies·

142 1970 226 2045 darn
244 1966 500 2063 susceptionem
516 1961 718 2043 Ominum,
735 1964 791 2041 rel
804 1987 929 2041 eorum
945 1964 1056 2043 ulum.
1069 2033 1071 2038 .
1082 1964 1192 2045 Nulla

144 2067 186 2146 tit
207 2068 342 2142 mentio
365 2063 620 2141 beneficiorum
640 2119 651 2149 ‚
668 2069 750 2163 quia
769 2087 844 2140 non
867 2064 917 2140 est
946 2065 1192 2161 consequens.

144 2184 187 2245 ut
215 2167 279 2263 qui
299 2161 481 2243 Ordinum
504 2163 590 2248 usu,
610 2164 647 2239 st
667 2166 839 2241 exercitio
862 2168 1018 2259 privatus
1035 2168 1107 2252 est,
1127 2168 1192 2242 be·

143 2266 276 2344 nesiciis
296 2267 400 2341 etiam
424 2267 608 2360 privetur,
626 2264 688 2339 nisr
711 2265 747 2339 id
767 2267 805 2339 in
827 2265 905 2360 jure
923 2261 1026 2341 suerit
1050 2264 1192 2358 expres·

142 2368 247 2454 sum,
268 2363 577 2464 quemadmodum
608 2364 654 2440 de
679 2364 878 2440 homicidio
910 2386 972 2462 per
1014 2363 1191 2443 assallinoa
1276 2435 1281 2444 .

141 2480 345 2565 perpetrato
363 2463 582 2550 decernitur,
599 2486 676 2563 cap.
693 2485 722 2540 s.
750 2467 789 2532 rie
806 2467 1001 2551 homicidio,
1015 2467 1052 2541 in
1073 2470 1192 2542 sexto«
1278 2528 1280 2531 .

142 2565 227 2665 Jure
252 2569 400 2665 quidem
430 2567 607 2660 antiquo,
634 2582 718 2640 cum
745 2564 932 2645 Ordines,
959 2566 995 2640 dr
1021 2565 1190 2642 beneficia
1231 2655 1234 2662 ⁴

145 2665 522 2750 suessoniensem,
544 2665 665 2740 eadem
687 2663 921 2761 irregularitas
935 2665 978 2740 ad
996 2683 1193 2762 utrumque

145 2767 248 2843 simul
268 2767 404 2841 aditum
427 2765 685 2860 praecludebat3
707 2766 895 2863 postquam
916 2788 1007 2840 uero
1025 2765 1194 2843 beneficia

145 2868 192 2943 ab
209 2863 288 2961 ipsis
300 2861 497 2959 Ordinibus
509 2864 652 2960 separari
671 2868 882 2958 coeperunt,
898 2887 1097 2963 eorumque
1114 2863 1194 2940 col-

144 2965 231 3042 latio
256 2963 299 3039 ub
320 2964 558 3042 Ordinatione
576 2963 731 3060 seiungi,
754 2967 870 3059 coepit
892 2963 1123 3060 irregularitas
1144 2961 1199 3055 ad,

145 3065 239 3143 solos
273 3061 429 3142 Ordines
457 3064 618 3160 restringi
642 3102 655 3147 5
679 3062 726 3140 de
752 3067 882 3164 quibus
918 3062 996 3139 s'olis
1025 3063 1194 3142 Canones

145 3165 409 3261 loquebantur,
429 3180 536 3262 atque
554 3167 600 3238 ita
618 3180 803 3260 receptum
823 3164 873 3240 est
894 3181 1019 3240 contra
1044 3163 1191 3261 priscam
1321 3199 1326 3225 ·

146 3267 365 3373 disciplinam
380 3309 388 3338 2
403 3279 445 3342 ut
468 3263 671 3363 irregulares
693 3265 759 3344 suis
772 3263 948 3342 beneficiis
970 3267 1098 3362 privari
1114 3286 1192 3341 nott

148 3372 367 3445 censeantur.

197 3461 294 3541 Hinc
320 3463 498 3561 sequitur,
515 3457 807 3560 irregularitatem·
823 3462 1016 3542 Censuram
1032 3459 1193 3541 ecclesa-

148 3563 268 3640 sticam
296 3588 371 3639 non
392 3557 484 3647 esse,
501 3565 583 3661 quia
602 3564 716 3639 tendit
740 3564 975 3667 primario‘sd
998 3563 1194 3655 impedies·

148 3668 231 3740 dam
256 3659 439 3741 Ordinum
476 3662 757 3760 susceptionem,
777 3681 839 3741 aut
862 3687 1001 3757 eorum,
1015 3664 1125 3740 usum·
1158 3663 1196 3742 ls

149 3782 370 3840 autemnon
398 3762 449 3841 ess
471 3765 656 3860 primarius
688 3762 919 3841 Censurarunr
947 3761 1113 3849 ericusa,
1133 3761 1195 3839 sed

120 3921 124 3929 »
150 3873 373 3960 consequeus
392 3864 567 3940 duntaxat
587 3918 598 3949 ,
620 3863 658 3938 dc
685 3862 883 3940 indireslus.
924 3860 1075 3941 Censura
1099 3917 1110 3948 ,
1142 3868 1198 3938 in·

148 3986 284 4060 quam,
308 3963 457 4060 impedit
488 3960 671 4041 Ordinum
695 3962 919 4049 sundioues,
937 3982 999 4047 aut
1023 3983 1198 4060 quatenus

150 4063 230 4139 susat
259 4066 541 4139 communicatio
558 4063 719 4160 quaedam
743 4062 921 4149 fidelium,
942 4078 982 4139 ut
1004 4065 1199 4132 sircurana.

149 4169 299 4249 uicatim
323 4182 385 4239 aut
402 4178 576 4258 quatenus
602 4163 680 4239 sunt
706 4159 835 4241 Officia
854 4163 1015 4257 quaedam
1039 4160 1201 4240 ecclesia·

147 4264 255 4347 isica,
281 4262 318 4338 id
337 4264 409 4345 est,
427 4287 446 4336 a
470 4261 625 4361 personis
650 4255 890 4338 Ecclefiasticis
910 4263 1134 4349 exercenda,
1159 4278 1200 4339 ut

120 4361 342 4456 >suspensam
371 4379 433 4439 aut
454 4378 628 4459 quatenus
655 4360 732 4437 sunt
759 4362 837 4438 usus
866 4363 1198 4447 sacramentorum,

145 4481 190 4540 ut
214 4463 427 4531 sarrrattlum
452 4491 465 4544 ;
491 4461 561 4536 sola
584 4463 815 4558 irregularitas
840 4462 969 4539 discsse
1000 4487 1055 4539 eas
1084 4467 1200 4560 turpe·

148 4566 222 4642 dit.
256 4578 430 4662 quatenus
460 4560 539 4639 sunt
559 4566 722 4638 exercitia
747 4559 941 4640 Ordinum.

200 4663 345 4743 Dicatur
363 4663 540 4760 denique,
559 4663 672 4736 sitiam
688 4662 756 4760 poll
776 4664 1030 4760 penitentiam,-
1053 4663 1133 4759 quia
1156 4664 1201 4739 it·
1274 4678 1276 4691 '

1041 4785 1148 4859 regu·
