3200 5375
365 683 436 778 De
463 683 731 779 sacramento
760 686 943 787 Ordinis.
1134 714 1214 801 107

148 862 252 961 supra
272 855 500 958 Preebyteros
526 862 750 938 eminuerunt
776 861 911 961 semper
933 824 1113 1042 Episcopi,
1129 883 1199 960 po.

150 964 273 1041 testate
293 959 423 1035 scilicet
456 958 611 1046 ordinis,
630 984 698 1057 qua
726 954 975 1063 Presbyterum
999 962 1035 1037 u
1084 963 1197 1061 pisto·

201 1059 318 1140 tulius
338 1056 502 1134 ordinare
518 1056 663 1158 possunt
674 1109 684 1142 ,
697 1059 766 1137 live
781 1069 897 1133 Patres
910 1057 1052 1149 Ecclefiae
1057 1070 1194 1156 gignere

149 1086 218 1258 {dt
234 1159 394 1257 loquitur
407 1162 439 1227 S·
450 1158 660 1251 Epiphanius.
671 1160 684 1253 l
695 1162 888 1249 Secundo,
908 1164 1079 1259 potestate
1093 1160 1192 1259 juris·

149 1260 339 1373 didionisv,
362 1280 442 1356 quae
471 1259 507 1332 in
525 1253 686 1372 Ecclesiae
708 1263 880 1358 regimine
910 1259 1022 1361 posita
1053 1262 1193 1354 estere.

148 1355 627 1554 tittttltbt‘tstu
642 1360 1106 1556 timidissimus?
1122 1360 1194 1538 it:

152 1558 292 1639 cleliam
306 1555 504 1654 ‘perduelles
521 1580 662 1640 arcere,
692 1558 790 1656 lapfiu
810 1561 1057 1658 poenitentiam
1072 1562 1193 1655 impo-

151 1681 237 1737 nere
259 1711 269 1742 ,
290 1658 505 1755 poenitentes
532 1661 791 1736 communione
812 1659 975 1738 donare,
1005 1659 1108 1736 casur
1126 1659 1192 1737 fibi

151 1757 344 1837 reservare,
359 1756 402 1831 ab
429 1753 537 1853 iisque
565 1756 741 1833 absolvere
764 1812 775 1844 ,
801 1758 1036 1855 indulgentias
1060 1782 1193 1835 conce·

151 1859 260 1935 dere,
293 1853 496 1934 Christiane
531 1855 641 1952 plebis
661 1881 777 1934 mores
813 1858 1005 1935 reformare
1037 1856 1195 1953 possunt.

151 1954 286 2052 Quoad
307 1970 495 2054 utramque
517 1954 725 2050 potestatem
739 1958 774 2034 so
803 1962 932 2033 eriorer
950 1956 1083 2056 semper
1093 1956 1191 2035 fuisse
1223 1953 1226 1966 '

151 2055 366 2155 Presbyteris
384 2049 576 2149 Episcopus
586 2102 597 2136 ‚
607 2057 710 2132 etiam
724 2058 760 2132 in
775 1979 933 2133 Ecclesiae
948 2058 1192 2142 incunabulis,

152 2163 188 2227 S.
218 2160 437 2243 &ononymos
458 2156 621 2250 agnovit·
656 2153 771 2247 Quod
789 2179 875 2233 vero
907 2156 1034 2253 [pellat
1056 2158 1193 2254 jurisdi-

151 2255 278 2334 trionis
300 2250 400 2331 usum
415 2306 424 2339 ,
440 2274 515 2327 non
530 2252 652 2329 eadem
678 2254 745 2330 fuit
761 2255 805 2331 ab
823 2257 946 2341 initio,
968 2280 1048 2357 quae
1065 2258 1191 2344 secutie

151 2353 398 2454 temporibus,
418 2350 576 2431 teclefiae
596 2350 797 2452 disciplina,
816 2351 1122 2453 &Episcoporum
1135 2358 1191 2434 su·

177 2479 213 2531 ra
238 2451 465 2550 Presbyterur
496 2455 695 2528 eminentia.
742 2448 850 2530 Tunc
880 2462 973 2532 enim
1005 2457 1193 2533 communi
1282 2515 1285 2519 ι

150 2479 442 2652 Βῐεὼγῑοτοτυω
470 2550 620 2630 consilio
641 2550 799 2630 Ecclesrae
818 2556 1056 2650 regebantur,
1077 2557 1114 2630 δι
1136 2579 1191 2631 ree

153 2652 390 2732 ecclesiastice
411 2650 738 2729 administrabantur
762 2674 774 2743 ;
795 2652 953 2753 nihilque
979 2655 1191 2732 decerneba-

151 2766 213 2833 tur
236 2750 296 2829 uili
312 2774 359 2828 ex
376 2755 386 2827 i
414 2753 531 2828 summ
553 2749 742 2849 suffragiis,
762 2754 798 2829 &
817 2774 863 2829 ex
879 2759 1063 2831 communi
1081 2757 1192 2831 totins

151 2853 301 2931 Senator
324 2776 540 2929 eccfesrastici
570 2850 771 2946 sententia3
814 2853 871 2929 sed
904 2855 979 2929 haec
1011 2857 1191 2950 regiminie

151 2954 270 3031 sormi
295 2954 479 3030 immutata
511 2950 561 3027 est
593 2951 779 3028 occasione
812 2952 1059 3041 schismatum,
1085 2954 1121 3028 de
1145 2951 1191 3030 ad

151 3075 267 3132 unum
289 3051 401 3128 delata
420 3053 539 3127 omnia
561 3049 748 3129 solicitudo
767 3050 827 3127 est.
853 3049 966 3150 Igitur
986 3053 1105 3151 quoad
1127 3076 1193 3129 ex.

150 3166 287 3230 ternam
301 3150 395 3228 illam
406 3148 568 3228 >Ecclesiae
577 3153 894 3250 gubernationem,
909 3152 944 3228 de
957 3173 1073 3228 rerum
1085 3151 1191 3252 ipsius

149 3251 509 3334 administrationem,
530 3267 637 3347 atque
662 3250 905 3330 'urisdislionie
923 3251 1022 3329 usum
1045 3250 1192 3351 dispoti·
1316 3286 1322 3297 ·

151 3375 262 3435 cum,
284 3353 394 3445 Magis
424 3345 567 3437 Ecrltfiae
593 3274 841 3436 condatensium
865 3373 961 3448 quam
978 3348 1192 3444 dispufitiunir
1319 3428 1321 3433 ,

149 3452 322 3524 dominice·
334 3454 479 3522 ueritate
491 3506 502 3536 ,
515 3448 727 3549 Presbyterit
741 3446 808 3528 else
828 3447 977 3546 maiorer
997 3447 1193 3549 Episcopus

149 3557 185 3626 S·
198 3553 421 3645 Hieronymus
437 3547 570 3636 asserit,
589 3574 661 3627 non
678 3553 798 3650 quoad
823 3551 985 3628 ordinem
998 3602 1007 3634 ‚
1018 3563 1078 3627 aut
1093 3551 1191 3647 juris·

151 3652 347 3731 dicionem
369 3651 488 3750 ipsam·
513 3643 621 3726 Unde
649 3650 763 3728 subdit
790 3673 878 3737 ,eos
898 3706 920 3744 ‚‚
939 3647 979 3727 ln
1005 3650 1192 3727 communi

151 3751 321 3846 gdebete
348 3749 532 3829 Ecclesram
567 3774 707 3847 regere,
725 3753 901 3828 imitantes
925 3749 994 3827 Mo
1022 3751 1098 3835 seo,
1130 3750 1194 3848 qul

150 3906 175 3947 „
194 3874 280 3929 cum
314 3849 459 3928 haberet
490 3854 528 3927 in
554 3851 724 3947 potestate
758 3850 850 3927 solus
880 3871 1018 3946 praete
1053 3850 1193 3948 populo

152 3949 296 4046 3lsrael
320 3998 330 4031 2
355 3947 573 4047 septuaginta
601 3950 706 4047 elegit
728 3999 739 4033 ,
762 3973 845 4028 cum
868 3951 994 4049 quibus
1014 3946 1191 4047 pupulum

150 4106 176 4146 „
192 4052 364 4148 iudicaret
389 4093 424 4141 „·
449 4049 503 4126 Ex
525 4051 652 4148 quibus
676 4051 818 4131 verbis,
846 4050 882 4124 dt
901 4047 1067 4153 exemplo
1090 4045 1192 4123 colli.
1270 4110 1275 4119 .

153 4157 251 4248 gitur
278 4151 518 4246 ‚potestatem
554 4148 724 4225 summam
757 4149 921 4245 regendae
956 4146 1190 4226 tectum&

149 4248 423 4349 jurisdictionem
445 4246 707 4344 amplilsrmamr
721 4271 804 4324 cum
825 4249 862 4324 in
875 4247 1012 4345 plebem
1039 4244 1195 4323 christia·

152 4375 263 4436 nam,
285 4367 364 4426 tum
386 4352 421 4423 ln
443 4350 554 4445 ipsum
574 4345 863 4449 Presbyterotum
877 4403 884 4423 .
897 4347 1061 4444 Clerique
1080 4349 1191 4422 totius

152 4449 381 4547 Collegium,
408 4448 586 4546 Episcopis
601 4450 820 4525 institutione
848 4445 964 4525 divina
986 4443 1083 4522 luisse
1104 4470 1195 4521 con·

151 4548 302 4634 cessam,
322 4552 482 4646 quemvis
502 4571 680 4626 eumcum
703 4547 842 4624 secundi
873 4549 1006 4624 ordinis
1022 4545 1194 4621 Sacerdo.

152 4653 248 4732 tibur
279 4651 587 4732 communicarent
611 4651 732 4747 primia
762 4644 923 4725 Ecclefiae
950 4646 1192 4820 temptfiribum

1083 4759 1144 4820 cut
