3200 5375
474 724 545 814 De
574 725 780 825 Simonia'
851 748 853 752 ·
964 759 966 764 ·
1111 757 1196 842 425

143 901 288 979 terum,
306 892 536 982 Diaconum,
555 911 617 974 aut
633 911 888 1004 quemcunque
899 899 1030 991 alinmt
1046 902 1109 1002 qni
1125 915 1194 980 nu·

144 1014 301 1078 metatur
324 1003 414 1073 inter
428 991 611 1085 Clericos,
628 1000 701 1099 ipre
721 1002 851 1098 gradus
870 1001 921 1079 sui
935 1002 1109 1097 subjaceat
1130 1025 1193 1100 pe·

145 1099 282 1182 riculot
300 1099 337 1173 δι
359 1098 421 1195 qui
440 1096 488 1173 lic
510 1099 715 1185 ordinatur,
735 1102 874 1179 nullum
891 1101 1018 1181 habeat
1040 1103 1194 1181 studium
1253 1103 1268 1149 l

145 1221 193 1277 ex
217 1197 421 1293 huiusmodi
443 1200 703 1287 mercimonio;
729 1199 788 1277 sed
826 1201 867 1278 fit
888 1203 1120 1298 alienonejm
1138 1201 1193 1280 di·

144 1303 290 1398 gnitatis
302 1351 312 1383 ,
326 1301 362 1373 aa
378 1298 531 1383 ordinis,
548 1320 657 1397 quern
672 1321 734 1396 per
749 1304 915 1400 pecunias
927 1293 1110 1398 acqullruit
1122 1358 1144 1393 „
1156 1325 1191 1394 „a

196 1397 367 1493 Denique
389 1404 500 1471 lonae.
516 1401 589 1468 tan
612 1397 830 1481 detestandas
847 1403 919 1479 illan
935 1405 1072 1480 astutias
1085 1456 1096 1488 ‚
1111 1402 1193 1501 qni-

147 1500 214 1576 bus
234 1502 393 1574 limonia
419 1499 543 1576 vitium
572 1498 764 1595 palliatur,
789 1501 915 1579 diserte
944 1504 1125 1579 damnarit
1155 1505 1196 1578 in

146 1597 303 1698 Epistola
328 1600 372 1674 ad
398 1597 711 1697 ilr'clriepiscopom
736 1602 1036 1682 Cantuarieniem
1067 1639 1127 1696 „„
1151 1595 1196 1678 ln

146 1707 288 1776 tantum
310 1692 478 1791 (inques)
504 1704 657 1795 peccatis
688 1706 939 1798 exigentibusa
961 1700 1071 1778 corda
1100 1720 1198 1799 quo·

146 1800 311 1878 rumdam
334 1797 521 1876 fimoniaea
537 1802 687 1893 pravitas
707 1801 933 1900 depravavit,
956 1816 996 1879 ut
1016 1806 1051 1876 in
1064 1807 1198 1877 'extera

148 1921 301 1976 mantum
322 1903 504 1975 canonica
523 1898 746 1981 Sandonis,
767 1903 804 1978 dr
823 1903 859 1977 in
880 1900 1074 1978 elusionem
1101 1911 1197 1999 quo*

150 2000 349 2077 dammodo
368 1999 476 2074 divini
499 1999 621 2092 judicii
643 2033 656 2085 a
679 2001 784 2077 locria
816 2004 976 2177 turssibua
998 2000 1197 2079 inhianter,

149 2123 192 2176 ac
217 2102 373 2184 direntes
392 2101 428 2174 in
447 2101 559 2174 corde
581 2097 644 2175 luo
659 2122 668 2175 ε
682 2099 772 2176 Non
800 2103 851 2178 est
896 2123 992 2188 eun,
1010 2098 1197 2177 simoniani

149 2199 212 2276 sub
228 2201 378 2276 honesto
400 2203 547 2274 nomine
569 2199 712 2293 pallient
727 2254 738 2287 .
752 2181 848 2299 quasa
860 2218 1008 2279 mutato
1025 2202 1195 2285 nominet

148 2300 253 2394 culpa
280 2300 502 2375 transferatur
517 2354 528 2384 ,
542 2301 578 2374 de
601 2305 722 2397 poe'na
752 2301 886 2380 Verum
910 2325 978 2378 nec
1000 2295 1126 2382 Deus.
1147 2298 1199 2374 se·-

149 2399 312 2476 euodum
326 2397 560 2494 Apostolum,
581 2402 766 2489 irridetur,
787 2403 950 2479 nectalee
966 2399 1120 2479 Simonis
1144 2396 1199 2475 sea

147 2499 322 2588 tiatorem
337 2497 399 2575 etli
414 2498 648 2594 temporalem
672 2506 708 2578 in
722 2501 882 2600 praesenti
901 2500 1015 2579 forsan
1028 2502 1192 2584 eludant.

146 2601 185 2678 in
205 2600 330 2676 loturo
350 2611 498 2696 poenam
519 2598 692 2696 effugient
720 2605 967 2697 sempiternam
991 2622 1103 2689 ,cum
1130 2617 1198 2674 nee

148 2698 313 2777 honestae
334 2705 489 2776 nominis
507 2701 675 2778 malitiam
695 2701 852 2800 palliabit
874 2754 887 2789 ,
908 2716 977 2778 nec
998 2724 1074 2779 nox
1095 2716 1199 2796 pote·

148 2803 195 2877 rit
223 2801 366 2877 abolere
387 2818 523 2875 reatum
550 2835 618 2891 „aa
1221 2867 1249 2893 ,Ι
1323 2864 1327 2871 .

200 2898 336 2977 illeriro
359 2902 478 2997 itaque
498 2902 542 2974 ab
566 2899 756 2979 Academia
779 2884 1100 2978 Lonanieirfianoo
1117 2894 1197 2973 mil·
1217 2873 1388 2969 luivid&

150 2998 275 3076 lefimo
295 2997 550 3077 sexcentesimo
569 2999 867 3100 quinquagesimo
888 3000 920 3076 se
947 3003 1037 3076 timo
1050 3054 1061 3086 ‚
1075 2997 1196 3075 alacre
1214 2987 1266 3109 ἓξ
1283 2969 1403 3033 dm*

151 3098 333 3179 Facilitate
354 3098 530 3177 Parifiensr
553 3102 609 3176 die
630 3103 769 3179 decima
792 3097 890 3177 sexta‘
906 3023 991 3200 finili
1017 3101 1100 3178 anni
1118 3099 1196 3174 mil-

149 3202 259 3278 leiimi
283 3198 523 3276 sexcentesimi
544 3203 827 3302 quinquagesimi
845 3203 958 3279 otiari
983 3205 1020 3278 in
1041 3199 1197 3279 Censura

151 3302 342 3398 Apologia
362 3299 596 3380 Caluiltarum
620 3352 631 3387 ,
657 3328 676 3380 a
704 3304 877 3402 plerisque
898 3302 1090 3383 Galliarum
1112 3297 1197 3397 Epi·
1277 3373 1279 3383 .

150 3400 266 3499 scopis
290 3410 327 3476 in
361 3402 511 3478 censuris
547 3403 735 3499 perniciosi
763 3405 918 3498 ejusdem
956 3405 1059 3490 libri,
1088 3403 1125 3476 da
1149 3399 1196 3476 ab

151 3500 438 3576 alexandram
452 3504 486 3577 dt
508 3506 694 3575 Innocentio
708 3507 773 3575 XI.
784 3503 1017 3582 Pontificibut
1030 3500 1195 3580 maximia

148 3602 325 3681 damnata
349 3602 427 3679 liant
455 3599 721 3700 Proposrtiones
738 3602 941 3701 sequentes}

152 3744 157 3761 ι
195 3752 218 3796 ,‚
233 3760 256 3797 „
288 3703 379 3780 Non
400 3703 448 3779 est
466 3722 592 3782 contra
604 3707 769 3798 justitiam
785 3705 951 3782 beneficia
968 3703 1198 3786 ecclesiastica

151 3827 228 3882 non
241 3804 404 3880 conserte
422 3808 553 3900 gratis,
568 3804 1047 3904 quiaCollatoreconstrena
1064 3807 1119 3882 illa
1135 3812 1195 3981 l?

150 3907 274 3982 neiicia
301 3902 523 3981 ecclesiastica
547 3909 696 4004 pecunia
716 3906 997 3982 interueniente,
1020 3916 1096 3981 non
1123 3932 1142 3980 e
1168 3929 1197 3979 r·

149 4011 204 4104 git
221 4004 318 4080 illam
332 4027 399 4101 pro
415 4005 607 4082 collatione
618 4003 795 4087 beneficii,
814 4004 871 4080 sed
886 4004 993 4080 veluti
1013 4026 1080 4100 pro
1094 4020 1199 4080 enno*

151 4109 316 4182 lumento
333 4107 546 4200 temporali,
568 4106 668 4202 quod
690 4107 754 4179 tibi
773 4104 937 4181 conserte
956 4119 1031 4179 non
1054 4106 1199 4180 tenebas

151 4220 210 4281 tur
235 4250 302 4297 „‚,·
329 4208 423 4298 Qua
438 4207 707 4304 propositione
729 4204 778 4279 est
797 4207 977 4282 intereas,
993 4219 1080 4302 quaa
1100 4204 1200 4281 dant·

151 4313 252 4382 navit
272 4307 459 4376 Antoniam
476 4311 556 4376 111.
569 4307 625 4381 die
645 4324 705 4396 24.
718 4304 936 4401 Septembris
955 4299 1174 4392 ann01665.

196 4446 219 4498 ,ς
236 4461 257 4497 ,,
286 4405 380 4483 Dara
406 4407 602 4502 temporale
626 4429 693 4503 pro
714 4402 900 4501 spirituali,
921 4425 996 4479 non
1020 4405 1067 4479 eil
1090 4404 1201 4486 simo.

150 4510 210 4684 ti
223 4507 610 4706 ‘uirilitatis
623 4508 1199 4683 11111111111111·

532 4649 537 4655 ,
886 4646 888 4651 .
1044 4655 1055 4690 ‚
1184 4652 1202 4672 ‚

150 4707 294 4786 ficiendt
320 4708 516 4806 spirituale,
539 4709 594 4787 tel
616 4707 721 4787 etiam
753 4704 900 4806 quando
930 4707 1126 4879 temporalse
1158 4705 1203 4785 nr

1108 4826 1149 4882 0·
