<?xml version="1.0" encoding="UTF-8"?>
<!DOCTYPE html PUBLIC "-//W3C//DTD XHTML 1.0 Transitional//EN"
    "http://www.w3.org/TR/xhtml1/DTD/xhtml1-transitional.dtd">
<html xmlns="http://www.w3.org/1999/xhtml" xml:lang="en" lang="en">
 <head>
  <title>
</title>
<meta http-equiv="Content-Type" content="text/html;charset=utf-8" />
  <meta name='ocr-system' content='tesseract 3.04.00' />
  <meta name='ocr-capabilities' content='ocr_page ocr_carea ocr_par ocr_line ocrx_word'/>
</head>
<body>
  <div class='ocr_page' id='page_1' title='image "./theologiadogmat01alexgoog_0064.png"; bbox 0 0 3200 5375; ppageno 0'>
   <div class='ocr_carea' id='block_1_1' title="bbox 91 186 1470 460">
    <p class='ocr_par' dir='ltr' id='par_1_1' title="bbox 91 186 1470 460">
     <span class='ocr_line' id='line_1_1' title="bbox 91 186 1470 460; baseline -0.04 -1"><span class='ocrx_word' id='word_1_1' title='bbox 91 186 1470 460; x_wconf 58' lang='grc' dir='ltr'><strong>ψ</strong></span> 
     </span>
    </p>
   </div>
   <div class='ocr_carea' id='block_1_2' title="bbox 369 730 1219 853">
    <p class='ocr_par' dir='ltr' id='par_1_2' title="bbox 369 730 1219 853">
     <span class='ocr_line' id='line_1_2' title="bbox 369 730 1219 853; baseline -0.011 -21"><span class='ocrx_word' id='word_1_2' title='bbox 369 731 440 832; x_wconf 79' lang='lat' dir='ltr'><strong>De</strong></span> <span class='ocrx_word' id='word_1_3' title='bbox 465 730 737 841; x_wconf 70' lang='lat' dir='ltr'><strong>sacramento</strong></span> <span class='ocrx_word' id='word_1_4' title='bbox 767 731 960 837; x_wconf 63' lang='lat' dir='ltr'><strong>Ordines</strong></span> <span class='ocrx_word' id='word_1_5' title='bbox 1037 793 1042 802; x_wconf 68' lang='grc'><strong>»</strong></span> <span class='ocrx_word' id='word_1_6' title='bbox 1163 756 1219 853; x_wconf 67' lang='lat' dir='ltr'><strong>ep</strong></span> 
     </span>
    </p>
   </div>
   <div class='ocr_carea' id='block_1_3' title="bbox 108 905 1431 4917">
    <p class='ocr_par' dir='ltr' id='par_1_3' title="bbox 108 905 1431 4917">
     <span class='ocr_line' id='line_1_3' title="bbox 154 905 1215 997; baseline -0.011 -6"><span class='ocrx_word' id='word_1_7' title='bbox 154 911 318 997; x_wconf 72' lang='lat' dir='ltr'><strong>metens</strong></span> <span class='ocrx_word' id='word_1_8' title='bbox 333 905 540 989; x_wconf 88' lang='lat' dir='ltr'><strong>Dominum</strong></span> <span class='ocrx_word' id='word_1_9' title='bbox 558 906 691 988; x_wconf 89' lang='lat' dir='ltr'><strong>sortem</strong></span> <span class='ocrx_word' id='word_1_10' title='bbox 709 907 829 985; x_wconf 75' lang='lat' dir='ltr'><strong>suam.</strong></span> <span class='ocrx_word' id='word_1_11' title='bbox 848 910 885 985; x_wconf 68' lang='grc' dir='ltr'><strong>δι</strong></span> <span class='ocrx_word' id='word_1_12' title='bbox 899 905 1139 988; x_wconf 72' lang='lat' dir='ltr'><strong>hereditatem</strong></span> <span class='ocrx_word' id='word_1_13' title='bbox 1150 906 1215 986; x_wconf 70' lang='lat' dir='ltr'><strong>ha·</strong></span> 
     </span>
     <span class='ocr_line' id='line_1_4' title="bbox 155 1004 1214 1109; baseline -0.005 -17"><span class='ocrx_word' id='word_1_14' title='bbox 155 1018 244 1095; x_wconf 84' lang='lat' dir='ltr'><strong>bert</strong></span> <span class='ocrx_word' id='word_1_15' title='bbox 265 1010 418 1092; x_wconf 84' lang='lat' dir='ltr'><strong>debeat,</strong></span> <span class='ocrx_word' id='word_1_16' title='bbox 440 1008 550 1092; x_wconf 84' lang='lat' dir='ltr'><strong>veluti</strong></span> <span class='ocrx_word' id='word_1_17' title='bbox 576 1012 639 1109; x_wconf 90' lang='lat' dir='ltr'><strong>qui</strong></span> <span class='ocrx_word' id='word_1_18' title='bbox 665 1012 701 1084; x_wconf 94' lang='lat' dir='ltr'><strong>in</strong></span> <span class='ocrx_word' id='word_1_19' title='bbox 729 1004 966 1093; x_wconf 84' lang='lat' dir='ltr'><strong>Hebraeorum</strong></span> <span class='ocrx_word' id='word_1_20' title='bbox 990 1009 1130 1108; x_wconf 90' lang='lat' dir='ltr'><strong>populo</strong></span> <span class='ocrx_word' id='word_1_21' title='bbox 1157 1010 1214 1087; x_wconf 74' lang='lat' dir='ltr'><strong>di.</strong></span> 
     </span>
     <span class='ocr_line' id='line_1_5' title="bbox 158 1110 1227 1207; baseline -0.006 -14"><span class='ocrx_word' id='word_1_22' title='bbox 158 1119 249 1202; x_wconf 77' lang='lat' dir='ltr'><strong>uino</strong></span> <span class='ocrx_word' id='word_1_23' title='bbox 269 1113 381 1200; x_wconf 87' lang='lat' dir='ltr'><strong>cultui</strong></span> <span class='ocrx_word' id='word_1_24' title='bbox 395 1111 586 1207; x_wconf 87' lang='lat' dir='ltr'><strong>mancipati</strong></span> <span class='ocrx_word' id='word_1_25' title='bbox 607 1126 732 1202; x_wconf 84' lang='lat' dir='ltr'><strong>erant3</strong></span> <span class='ocrx_word' id='word_1_26' title='bbox 752 1112 880 1207; x_wconf 88' lang='lat' dir='ltr'><strong>quibus</strong></span> <span class='ocrx_word' id='word_1_27' title='bbox 894 1114 1008 1186; x_wconf 88' lang='lat' dir='ltr'><strong>vetuit</strong></span> <span class='ocrx_word' id='word_1_28' title='bbox 1030 1110 1227 1204; x_wconf 68' lang='lat' dir='ltr'><strong>Dominus¹</strong></span> 
     </span>
     <span class='ocr_line' id='line_1_6' title="bbox 159 1207 1230 1311; baseline -0.007 -18"><span class='ocrx_word' id='word_1_29' title='bbox 159 1216 314 1311; x_wconf 78' lang='lat' dir='ltr'>aliquam</span> <span class='ocrx_word' id='word_1_30' title='bbox 338 1234 509 1308; x_wconf 85' lang='lat' dir='ltr'><strong>agrorum</strong></span> <span class='ocrx_word' id='word_1_31' title='bbox 532 1225 668 1308; x_wconf 87' lang='lat' dir='ltr'><strong>partem</strong></span> <span class='ocrx_word' id='word_1_32' title='bbox 685 1214 721 1286; x_wconf 91' lang='lat' dir='ltr'><strong>iu</strong></span> <span class='ocrx_word' id='word_1_33' title='bbox 740 1225 831 1291; x_wconf 86' lang='lat' dir='ltr'><strong>turra</strong></span> <span class='ocrx_word' id='word_1_34' title='bbox 853 1207 1090 1308; x_wconf 79' lang='lat' dir='ltr'><strong>promillronir</strong></span> <span class='ocrx_word' id='word_1_35' title='bbox 1104 1210 1230 1290; x_wconf 74' lang='lat' dir='ltr'><strong>diurn·</strong></span> 
     </span>
     <span class='ocr_line' id='line_1_7' title="bbox 161 1303 1228 1402; baseline -0.015 -7"><span class='ocrx_word' id='word_1_36' title='bbox 161 1320 248 1401; x_wconf 84' lang='lat' dir='ltr'><strong>boi,</strong></span> <span class='ocrx_word' id='word_1_37' title='bbox 266 1337 352 1394; x_wconf 80' lang='lat' dir='ltr'><strong>cum</strong></span> <span class='ocrx_word' id='word_1_38' title='bbox 366 1313 415 1388; x_wconf 78' lang='lat' dir='ltr'><strong>uit</strong></span> <span class='ocrx_word' id='word_1_39' title='bbox 434 1334 533 1389; x_wconf 85' lang='lat' dir='ltr'><strong>num.</strong></span> <span class='ocrx_word' id='word_1_40' title='bbox 553 1303 609 1383; x_wconf 83' lang='lat'><strong>18.</strong></span> <span class='ocrx_word' id='word_1_41' title='bbox 638 1312 706 1402; x_wconf 80' lang='lat' dir='ltr'><strong>Ego</strong></span> <span class='ocrx_word' id='word_1_42' title='bbox 724 1325 822 1400; x_wconf 74' lang='lat' dir='ltr'><strong>perr,</strong></span> <span class='ocrx_word' id='word_1_43' title='bbox 844 1304 896 1382; x_wconf 59' lang='grc' dir='ltr'><strong>θ’</strong></span> <span class='ocrx_word' id='word_1_44' title='bbox 910 1317 1082 1381; x_wconf 76' lang='lat' dir='ltr'><strong>hereditas</strong></span> <span class='ocrx_word' id='word_1_45' title='bbox 1097 1305 1228 1394; x_wconf 46' lang='lat' dir='ltr'><strong>vertras</strong></span> 
     </span>
     <span class='ocr_line' id='line_1_8' title="bbox 163 1407 1218 1514; baseline -0.008 -18"><span class='ocrx_word' id='word_1_46' title='bbox 163 1416 279 1512; x_wconf 89' lang='lat' dir='ltr'><strong>Quod</strong></span> <span class='ocrx_word' id='word_1_47' title='bbox 291 1414 454 1514; x_wconf 75' lang='lat' dir='ltr'><strong>quamvis</strong></span> <span class='ocrx_word' id='word_1_48' title='bbox 465 1413 632 1488; x_wconf 87' lang='lat' dir='ltr'><strong>omnibus</strong></span> <span class='ocrx_word' id='word_1_49' title='bbox 643 1407 820 1490; x_wconf 84' lang='lat' dir='ltr'><strong>Fidelibur</strong></span> <span class='ocrx_word' id='word_1_50' title='bbox 835 1434 1030 1492; x_wconf 89' lang='lat' dir='ltr'><strong>commune</strong></span> <span class='ocrx_word' id='word_1_51' title='bbox 1043 1410 1108 1488; x_wconf 70' lang='lat' dir='ltr'><strong>fit.</strong></span> <span class='ocrx_word' id='word_1_52' title='bbox 1126 1433 1218 1509; x_wconf 65' lang='lat' dir='ltr'><strong>pre-</strong></span> 
     </span>
     <span class='ocr_line' id='line_1_9' title="bbox 163 1509 1216 1613; baseline -0.005 -19"><span class='ocrx_word' id='word_1_53' title='bbox 163 1524 272 1613; x_wconf 83' lang='lat' dir='ltr'><strong>cipua</strong></span> <span class='ocrx_word' id='word_1_54' title='bbox 293 1530 411 1598; x_wconf 86' lang='lat' dir='ltr'><strong>tamen</strong></span> <span class='ocrx_word' id='word_1_55' title='bbox 433 1515 570 1588; x_wconf 85' lang='lat' dir='ltr'><strong>ratione</strong></span> <span class='ocrx_word' id='word_1_56' title='bbox 592 1513 640 1588; x_wconf 88' lang='lat' dir='ltr'><strong>eis</strong></span> <span class='ocrx_word' id='word_1_57' title='bbox 668 1514 863 1588; x_wconf 86' lang='lat' dir='ltr'><strong>conveniat</strong></span> <span class='ocrx_word' id='word_1_58' title='bbox 877 1560 887 1589; x_wconf 64' lang='lat'><em>2</em></span> <span class='ocrx_word' id='word_1_59' title='bbox 901 1509 1036 1589; x_wconf 83' lang='lat' dir='ltr'><strong>neceffe</strong></span> <span class='ocrx_word' id='word_1_60' title='bbox 1061 1512 1130 1598; x_wconf 88' lang='lat' dir='ltr'><strong>est,</strong></span> <span class='ocrx_word' id='word_1_61' title='bbox 1151 1510 1216 1610; x_wconf 88' lang='lat' dir='ltr'><strong>qul</strong></span> 
     </span>
     <span class='ocr_line' id='line_1_10' title="bbox 166 1609 1222 1704; baseline -0.008 -9"><span class='ocrx_word' id='word_1_62' title='bbox 166 1618 201 1695; x_wconf 83' lang='lat' dir='ltr'><strong>le</strong></span> <span class='ocrx_word' id='word_1_63' title='bbox 225 1615 295 1693; x_wconf 84' lang='lat' dir='ltr'><strong>Dei</strong></span> <span class='ocrx_word' id='word_1_64' title='bbox 318 1611 511 1693; x_wconf 83' lang='lat' dir='ltr'><strong>ministerio</strong></span> <span class='ocrx_word' id='word_1_65' title='bbox 529 1612 791 1695; x_wconf 82' lang='lat' dir='ltr'><strong>consecrarunt.</strong></span> <span class='ocrx_word' id='word_1_66' title='bbox 821 1609 927 1700; x_wconf 84' lang='lat' dir='ltr'>Unde</span> <span class='ocrx_word' id='word_1_67' title='bbox 949 1620 980 1684; x_wconf 82' lang='lat' dir='ltr'><strong>S.</strong></span> <span class='ocrx_word' id='word_1_68' title='bbox 995 1616 1222 1704; x_wconf 71' lang='lat' dir='ltr'><em>Hieronymus</em></span> 
     </span>
     <span class='ocr_line' id='line_1_11' title="bbox 168 1711 1220 1816; baseline -0.002 -25"><span class='ocrx_word' id='word_1_69' title='bbox 168 1716 277 1816; x_wconf 82' lang='lat' dir='ltr'><strong>Epitt.</strong></span> <span class='ocrx_word' id='word_1_70' title='bbox 294 1731 329 1786; x_wconf 88' lang='lat'><strong>2.</strong></span> <span class='ocrx_word' id='word_1_71' title='bbox 352 1714 397 1796; x_wconf 83' lang='lat' dir='ltr'><strong>ad</strong></span> <span class='ocrx_word' id='word_1_72' title='bbox 421 1711 651 1807; x_wconf 79' lang='lat' dir='ltr'><em>Nepotianum</em></span> <span class='ocrx_word' id='word_1_73' title='bbox 676 1712 819 1788; x_wconf 79' lang='lat' dir='ltr'><strong>scribit:</strong></span> <span class='ocrx_word' id='word_1_74' title='bbox 844 1769 864 1803; x_wconf 85' lang='lat'><strong>,‚</strong></span> <span class='ocrx_word' id='word_1_75' title='bbox 880 1769 902 1805; x_wconf 89' lang='lat'><strong>‚,</strong></span> <span class='ocrx_word' id='word_1_76' title='bbox 929 1712 1089 1792; x_wconf 85' lang='lat' dir='ltr'><strong>Clericus</strong></span> <span class='ocrx_word' id='word_1_77' title='bbox 1118 1756 1128 1791; x_wconf 70' lang='lat'>2</span> <span class='ocrx_word' id='word_1_78' title='bbox 1154 1711 1220 1811; x_wconf 85' lang='lat' dir='ltr'><strong>qul</strong></span> 
     </span>
     <span class='ocr_line' id='line_1_12' title="bbox 170 1811 1225 1911; baseline -0.003 -18"><span class='ocrx_word' id='word_1_79' title='bbox 170 1816 300 1900; x_wconf 88' lang='lat' dir='ltr'><strong>Christi</strong></span> <span class='ocrx_word' id='word_1_80' title='bbox 318 1814 420 1892; x_wconf 80' lang='lat' dir='ltr'><strong>servit</strong></span> <span class='ocrx_word' id='word_1_81' title='bbox 442 1811 624 1899; x_wconf 68' lang='lat' dir='ltr'><strong>Rectene,</strong></span> <span class='ocrx_word' id='word_1_82' title='bbox 642 1814 893 1911; x_wconf 83' lang='lat' dir='ltr'><strong>interpretetur</strong></span> <span class='ocrx_word' id='word_1_83' title='bbox 917 1816 1036 1911; x_wconf 81' lang='lat' dir='ltr'><strong>primo</strong></span> <span class='ocrx_word' id='word_1_84' title='bbox 1061 1814 1225 1893; x_wconf 76' lang='lat' dir='ltr'><strong>vocabu·</strong></span> 
     </span>
     <span class='ocr_line' id='line_1_13' title="bbox 171 1911 1225 2013; baseline -0.002 -19"><span class='ocrx_word' id='word_1_85' title='bbox 171 1919 250 2002; x_wconf 86' lang='lat' dir='ltr'><strong>lum</strong></span> <span class='ocrx_word' id='word_1_86' title='bbox 272 1914 451 2004; x_wconf 62' lang='lat' dir='ltr'><strong>suum&amp;</strong></span> <span class='ocrx_word' id='word_1_87' title='bbox 479 1916 634 1991; x_wconf 77' lang='lat' dir='ltr'><strong>nominis</strong></span> <span class='ocrx_word' id='word_1_88' title='bbox 663 1911 870 1997; x_wconf 83' lang='lat' dir='ltr'><strong>definitione</strong></span> <span class='ocrx_word' id='word_1_89' title='bbox 900 1916 1069 2013; x_wconf 87' lang='lat' dir='ltr'><strong>prolata,</strong></span> <span class='ocrx_word' id='word_1_90' title='bbox 1093 1918 1225 1992; x_wconf 76' lang='lat' dir='ltr'><strong>nitatur</strong></span> 
     </span>
     <span class='ocr_line' id='line_1_14' title="bbox 172 2013 1224 2112; baseline -0.005 -17"><span class='ocrx_word' id='word_1_91' title='bbox 172 2014 265 2095; x_wconf 73' lang='lat' dir='ltr'><strong>elle,</strong></span> <span class='ocrx_word' id='word_1_92' title='bbox 282 2014 384 2112; x_wconf 86' lang='lat' dir='ltr'><strong>quod</strong></span> <span class='ocrx_word' id='word_1_93' title='bbox 403 2015 541 2093; x_wconf 86' lang='lat' dir='ltr'><strong>dicitur.</strong></span> <span class='ocrx_word' id='word_1_94' title='bbox 572 2013 608 2090; x_wconf 82' lang='lat' dir='ltr'><strong>Si</strong></span> <span class='ocrx_word' id='word_1_95' title='bbox 628 2015 723 2089; x_wconf 90' lang='lat' dir='ltr'><strong>enim</strong></span> <span class='ocrx_word' id='word_1_96' title='bbox 748 2014 855 2101; x_wconf 60' lang='lat' dir='ltr'><strong>lettres</strong></span> <span class='ocrx_word' id='word_1_97' title='bbox 873 2038 1006 2109; x_wconf 76' lang='lat' dir='ltr'><strong>grace,</strong></span> <span class='ocrx_word' id='word_1_98' title='bbox 1027 2016 1098 2091; x_wconf 88' lang='lat' dir='ltr'><strong>sors</strong></span> <span class='ocrx_word' id='word_1_99' title='bbox 1112 2014 1224 2090; x_wconf 89' lang='lat' dir='ltr'><strong>latinu</strong></span> 
     </span>
     <span class='ocr_line' id='line_1_15' title="bbox 176 2113 1227 2216; baseline 0 -26"><span class='ocrx_word' id='word_1_100' title='bbox 176 2116 397 2215; x_wconf 83' lang='lat' dir='ltr'><strong>appellatur;</strong></span> <span class='ocrx_word' id='word_1_101' title='bbox 413 2130 599 2209; x_wconf 87' lang='lat' dir='ltr'><strong>propterea</strong></span> <span class='ocrx_word' id='word_1_102' title='bbox 623 2129 801 2191; x_wconf 86' lang='lat' dir='ltr'><strong>vocantur</strong></span> <span class='ocrx_word' id='word_1_103' title='bbox 823 2113 976 2198; x_wconf 77' lang='lat' dir='ltr'><strong>Clerici,</strong></span> <span class='ocrx_word' id='word_1_104' title='bbox 1004 2117 1057 2196; x_wconf 83' lang='lat' dir='ltr'><strong>vel</strong></span> <span class='ocrx_word' id='word_1_105' title='bbox 1083 2113 1227 2216; x_wconf 81' lang='lat' dir='ltr'><strong>quiade</strong></span> 
     </span>
     <span class='ocr_line' id='line_1_16' title="bbox 176 2209 1227 2312; baseline -0.004 -18"><span class='ocrx_word' id='word_1_106' title='bbox 176 2217 271 2294; x_wconf 85' lang='lat' dir='ltr'><strong>sorte</strong></span> <span class='ocrx_word' id='word_1_107' title='bbox 290 2216 369 2294; x_wconf 85' lang='lat' dir='ltr'><strong>sunt</strong></span> <span class='ocrx_word' id='word_1_108' title='bbox 391 2213 563 2293; x_wconf 67' lang='lat' dir='ltr'><strong>Dominis</strong></span> <span class='ocrx_word' id='word_1_109' title='bbox 585 2212 638 2295; x_wconf 80' lang='lat' dir='ltr'><strong>vel</strong></span> <span class='ocrx_word' id='word_1_110' title='bbox 658 2217 740 2311; x_wconf 89' lang='lat' dir='ltr'><strong>quia</strong></span> <span class='ocrx_word' id='word_1_111' title='bbox 764 2212 835 2312; x_wconf 88' lang='lat' dir='ltr'><strong>ipse</strong></span> <span class='ocrx_word' id='word_1_112' title='bbox 854 2214 1035 2292; x_wconf 86' lang='lat' dir='ltr'><strong>Dominus</strong></span> <span class='ocrx_word' id='word_1_113' title='bbox 1059 2215 1163 2303; x_wconf 83' lang='lat' dir='ltr'><strong>sors,</strong></span> <span class='ocrx_word' id='word_1_114' title='bbox 1189 2209 1227 2302; x_wconf 81' lang='lat' dir='ltr'><strong>id</strong></span> 
     </span>
     <span class='ocr_line' id='line_1_17' title="bbox 177 2311 1229 2414; baseline -0.003 -21"><span class='ocrx_word' id='word_1_115' title='bbox 177 2318 253 2402; x_wconf 84' lang='lat' dir='ltr'><strong>est,</strong></span> <span class='ocrx_word' id='word_1_116' title='bbox 269 2338 346 2411; x_wconf 79' lang='lat' dir='ltr'><strong>para</strong></span> <span class='ocrx_word' id='word_1_117' title='bbox 366 2311 592 2395; x_wconf 72' lang='lat' dir='ltr'><strong>clericorum</strong></span> <span class='ocrx_word' id='word_1_118' title='bbox 615 2312 673 2389; x_wconf 88' lang='lat' dir='ltr'><strong>est.</strong></span> <span class='ocrx_word' id='word_1_119' title='bbox 704 2314 777 2409; x_wconf 91' lang='lat' dir='ltr'><strong>Qui</strong></span> <span class='ocrx_word' id='word_1_120' title='bbox 804 2332 949 2402; x_wconf 82' lang='lat' dir='ltr'><strong>autent,</strong></span> <span class='ocrx_word' id='word_1_121' title='bbox 977 2316 1032 2393; x_wconf 85' lang='lat' dir='ltr'><strong>vel</strong></span> <span class='ocrx_word' id='word_1_122' title='bbox 1055 2317 1125 2414; x_wconf 83' lang='lat' dir='ltr'><strong>ipse</strong></span> <span class='ocrx_word' id='word_1_123' title='bbox 1148 2337 1229 2411; x_wconf 79' lang='lat' dir='ltr'><strong>part</strong></span> 
     </span>
     <span class='ocr_line' id='line_1_18' title="bbox 178 2411 1231 2511; baseline -0.002 -19"><span class='ocrx_word' id='word_1_124' title='bbox 178 2415 333 2499; x_wconf 86' lang='lat' dir='ltr'><strong>Domini</strong></span> <span class='ocrx_word' id='word_1_125' title='bbox 355 2414 426 2502; x_wconf 86' lang='lat' dir='ltr'><strong>est,</strong></span> <span class='ocrx_word' id='word_1_126' title='bbox 451 2413 505 2490; x_wconf 85' lang='lat' dir='ltr'><strong>vel</strong></span> <span class='ocrx_word' id='word_1_127' title='bbox 531 2411 733 2497; x_wconf 85' lang='lat' dir='ltr'><strong>Dominum</strong></span> <span class='ocrx_word' id='word_1_128' title='bbox 762 2430 897 2511; x_wconf 81' lang='lat' dir='ltr'><strong>purtem</strong></span> <span class='ocrx_word' id='word_1_129' title='bbox 919 2416 1049 2505; x_wconf 81' lang='lat' dir='ltr'><strong>habet3</strong></span> <span class='ocrx_word' id='word_1_130' title='bbox 1074 2416 1180 2492; x_wconf 86' lang='lat' dir='ltr'><strong>talem</strong></span> <span class='ocrx_word' id='word_1_131' title='bbox 1196 2414 1231 2491; x_wconf 85' lang='lat' dir='ltr'><strong>se</strong></span> 
     </span>
     <span class='ocr_line' id='line_1_19' title="bbox 179 2513 1290 2613; baseline -0.004 -18"><span class='ocrx_word' id='word_1_132' title='bbox 179 2518 351 2595; x_wconf 82' lang='lat' dir='ltr'><strong>exbibete</strong></span> <span class='ocrx_word' id='word_1_133' title='bbox 371 2515 498 2600; x_wconf 85' lang='lat' dir='ltr'><strong>debet,</strong></span> <span class='ocrx_word' id='word_1_134' title='bbox 520 2530 561 2598; x_wconf 89' lang='lat' dir='ltr'><strong>ut</strong></span> <span class='ocrx_word' id='word_1_135' title='bbox 586 2514 622 2592; x_wconf 71' lang='grc' dir='ltr'><strong>δι</strong></span> <span class='ocrx_word' id='word_1_136' title='bbox 647 2513 717 2612; x_wconf 88' lang='lat' dir='ltr'><strong>ipse</strong></span> <span class='ocrx_word' id='word_1_137' title='bbox 743 2514 913 2613; x_wconf 81' lang='lat' dir='ltr'><strong>pollideat</strong></span> <span class='ocrx_word' id='word_1_138' title='bbox 935 2513 1165 2604; x_wconf 86' lang='lat' dir='ltr'><strong>Dominum,</strong></span> <span class='ocrx_word' id='word_1_139' title='bbox 1195 2516 1234 2591; x_wconf 72' lang='grc' dir='ltr'><strong>δι</strong></span> <span class='ocrx_word' id='word_1_140' title='bbox 1288 2540 1290 2544; x_wconf 51' lang='lat'><strong><em>⁴</em></strong></span> 
     </span>
     <span class='ocr_line' id='line_1_20' title="bbox 183 2611 1237 2718; baseline 0 -23"><span class='ocrx_word' id='word_1_141' title='bbox 183 2613 401 2718; x_wconf 79' lang='lat' dir='ltr'><strong>poffrdeatur</strong></span> <span class='ocrx_word' id='word_1_142' title='bbox 426 2612 643 2697; x_wconf 88' lang='lat' dir='ltr'><strong>aDomino.</strong></span> <span class='ocrx_word' id='word_1_143' title='bbox 667 2611 745 2711; x_wconf 87' lang='lat' dir='ltr'><strong>Qui</strong></span> <span class='ocrx_word' id='word_1_144' title='bbox 769 2614 971 2706; x_wconf 86' lang='lat' dir='ltr'><strong>Dominum</strong></span> <span class='ocrx_word' id='word_1_145' title='bbox 995 2616 1146 2713; x_wconf 82' lang='lat' dir='ltr'><strong>pollidet</strong></span> <span class='ocrx_word' id='word_1_146' title='bbox 1166 2615 1237 2695; x_wconf 65' lang='lat'><strong>2&amp;</strong></span> 
     </span>
     <span class='ocr_line' id='line_1_21' title="bbox 184 2715 1431 2814; baseline 0.003 -19"><span class='ocrx_word' id='word_1_147' title='bbox 184 2742 271 2795; x_wconf 86' lang='lat' dir='ltr'><strong>cum</strong></span> <span class='ocrx_word' id='word_1_148' title='bbox 292 2715 470 2814; x_wconf 86' lang='lat' dir='ltr'><strong>Propheta</strong></span> <span class='ocrx_word' id='word_1_149' title='bbox 488 2715 599 2792; x_wconf 84' lang='lat' dir='ltr'><strong>dicit:</strong></span> <span class='ocrx_word' id='word_1_150' title='bbox 623 2716 704 2784; x_wconf 74' lang='lat' dir='ltr'><strong>Pari</strong></span> <span class='ocrx_word' id='word_1_151' title='bbox 725 2737 795 2784; x_wconf 76' lang='lat' dir='ltr'><strong>mea</strong></span> <span class='ocrx_word' id='word_1_152' title='bbox 822 2720 1003 2802; x_wconf 73' lang='lat' dir='ltr'><strong>tinniens,</strong></span> <span class='ocrx_word' id='word_1_153' title='bbox 1026 2718 1112 2792; x_wconf 86' lang='lat' dir='ltr'><strong>nihil</strong></span> <span class='ocrx_word' id='word_1_154' title='bbox 1134 2732 1235 2806; x_wconf 84' lang='lat' dir='ltr'><strong>extra</strong></span> <span class='ocrx_word' id='word_1_155' title='bbox 1267 2723 1431 2809; x_wconf 70' lang='lat' dir='ltr'><strong>tulmen</strong></span> 
     </span>
     <span class='ocr_line' id='line_1_22' title="bbox 186 2813 1236 2917; baseline 0.001 -24"><span class='ocrx_word' id='word_1_156' title='bbox 186 2815 392 2897; x_wconf 86' lang='lat' dir='ltr'><strong>Dominum</strong></span> <span class='ocrx_word' id='word_1_157' title='bbox 412 2815 541 2895; x_wconf 79' lang='lat' dir='ltr'><strong>habere</strong></span> <span class='ocrx_word' id='word_1_158' title='bbox 561 2815 689 2917; x_wconf 76' lang='lat' dir='ltr'><strong>potest.</strong></span> <span class='ocrx_word' id='word_1_159' title='bbox 716 2814 830 2910; x_wconf 87' lang='lat' dir='ltr'><strong>Quod</strong></span> <span class='ocrx_word' id='word_1_160' title='bbox 849 2813 871 2889; x_wconf 82' lang='lat' dir='ltr'>fi</span> <span class='ocrx_word' id='word_1_161' title='bbox 895 2815 1041 2912; x_wconf 86' lang='lat' dir='ltr'><strong>quidem</strong></span> <span class='ocrx_word' id='word_1_162' title='bbox 1059 2815 1152 2893; x_wconf 87' lang='lat' dir='ltr'><strong>aliud</strong></span> <span class='ocrx_word' id='word_1_163' title='bbox 1173 2817 1236 2894; x_wconf 54' lang='lat' dir='ltr'><strong>ba,</strong></span> 
     </span>
     <span class='ocr_line' id='line_1_23' title="bbox 186 2912 1239 3013; baseline -0.003 -18"><span class='ocrx_word' id='word_1_164' title='bbox 186 2919 305 2995; x_wconf 86' lang='lat' dir='ltr'><strong>buerit</strong></span> <span class='ocrx_word' id='word_1_165' title='bbox 324 2929 446 3013; x_wconf 74' lang='lat' dir='ltr'><strong>praeter</strong></span> <span class='ocrx_word' id='word_1_166' title='bbox 473 2913 697 3000; x_wconf 88' lang='lat' dir='ltr'><strong>Dominum,</strong></span> <span class='ocrx_word' id='word_1_167' title='bbox 719 2939 798 3011; x_wconf 82' lang='lat' dir='ltr'><strong>pars</strong></span> <span class='ocrx_word' id='word_1_168' title='bbox 816 2916 891 3008; x_wconf 87' lang='lat' dir='ltr'><strong>ejus</strong></span> <span class='ocrx_word' id='word_1_169' title='bbox 915 2938 990 2990; x_wconf 93' lang='lat' dir='ltr'><strong>non</strong></span> <span class='ocrx_word' id='word_1_170' title='bbox 1015 2920 1079 2991; x_wconf 90' lang='lat' dir='ltr'><strong>erit</strong></span> <span class='ocrx_word' id='word_1_171' title='bbox 1105 2912 1239 2992; x_wconf 90' lang='lat' dir='ltr'><strong>Domi·</strong></span> 
     </span>
     <span class='ocr_line' id='line_1_24' title="bbox 188 3011 1234 3113; baseline -0.004 -19"><span class='ocrx_word' id='word_1_172' title='bbox 188 3039 286 3109; x_wconf 82' lang='lat' dir='ltr'><strong>nua;</strong></span> <span class='ocrx_word' id='word_1_173' title='bbox 306 3039 340 3091; x_wconf 85' lang='lat' dir='ltr'><strong>v·</strong></span> <span class='ocrx_word' id='word_1_174' title='bbox 355 3038 408 3113; x_wconf 84' lang='lat' dir='ltr'><strong>gr.</strong></span> <span class='ocrx_word' id='word_1_175' title='bbox 439 3012 464 3090; x_wconf 87' lang='lat' dir='ltr'><strong>sr</strong></span> <span class='ocrx_word' id='word_1_176' title='bbox 491 3038 640 3094; x_wconf 78' lang='lat' dir='ltr'><strong>aurum,</strong></span> <span class='ocrx_word' id='word_1_177' title='bbox 660 3011 686 3090; x_wconf 88' lang='lat' dir='ltr'><strong>sr</strong></span> <span class='ocrx_word' id='word_1_178' title='bbox 711 3018 899 3112; x_wconf 69' lang='lat' dir='ltr'><strong>argentum</strong></span> <span class='ocrx_word' id='word_1_179' title='bbox 916 3013 967 3096; x_wconf 86' lang='lat' dir='ltr'><strong>‚si</strong></span> <span class='ocrx_word' id='word_1_180' title='bbox 988 3011 1234 3112; x_wconf 74' lang='lat' dir='ltr'><strong>polleffrones.</strong></span> 
     </span>
     <span class='ocr_line' id='line_1_25' title="bbox 189 3109 1238 3214; baseline -0.006 -19"><span class='ocrx_word' id='word_1_181' title='bbox 189 3117 218 3195; x_wconf 83' lang='lat' dir='ltr'><strong>ii</strong></span> <span class='ocrx_word' id='word_1_182' title='bbox 242 3118 370 3193; x_wconf 82' lang='lat' dir='ltr'><strong>variam</strong></span> <span class='ocrx_word' id='word_1_183' title='bbox 390 3109 657 3214; x_wconf 64' lang='lat' dir='ltr'><strong>supelleililenm</strong></span> <span class='ocrx_word' id='word_1_184' title='bbox 682 3115 850 3192; x_wconf 82' lang='lat' dir='ltr'><strong>cumillis</strong></span> <span class='ocrx_word' id='word_1_185' title='bbox 878 3116 1034 3209; x_wconf 76' lang='lat' dir='ltr'><strong>partibus</strong></span> <span class='ocrx_word' id='word_1_186' title='bbox 1055 3113 1238 3197; x_wconf 85' lang='lat' dir='ltr'><strong>Dominm</strong></span> 
     </span>
     <span class='ocr_line' id='line_1_26' title="bbox 218 3213 1240 3319; baseline -0.001 -27"><span class='ocrx_word' id='word_1_187' title='bbox 218 3240 271 3293; x_wconf 87' lang='lat' dir='ltr'><strong>ars</strong></span> <span class='ocrx_word' id='word_1_188' title='bbox 292 3218 367 3312; x_wconf 77' lang='lat' dir='ltr'><strong>ejus</strong></span> <span class='ocrx_word' id='word_1_189' title='bbox 393 3213 468 3291; x_wconf 83' lang='lat' dir='ltr'><strong>fieri</strong></span> <span class='ocrx_word' id='word_1_190' title='bbox 505 3236 580 3289; x_wconf 92' lang='lat' dir='ltr'><strong>non</strong></span> <span class='ocrx_word' id='word_1_191' title='bbox 608 3213 822 3319; x_wconf 80' lang='lat' dir='ltr'><strong>dignabitur.</strong></span> <span class='ocrx_word' id='word_1_192' title='bbox 859 3216 894 3292; x_wconf 88' lang='lat' dir='ltr'><strong>Si</strong></span> <span class='ocrx_word' id='word_1_193' title='bbox 919 3231 1038 3296; x_wconf 88' lang='lat' dir='ltr'><strong>autem</strong></span> <span class='ocrx_word' id='word_1_194' title='bbox 1062 3238 1133 3311; x_wconf 78' lang='lat' dir='ltr'><strong>ego</strong></span> <span class='ocrx_word' id='word_1_195' title='bbox 1161 3237 1240 3313; x_wconf 74' lang='lat' dir='ltr'><strong>part</strong></span> 
     </span>
     <span class='ocr_line' id='line_1_27' title="bbox 233 3312 1262 3408; baseline -0.003 -13"><span class='ocrx_word' id='word_1_196' title='bbox 233 3318 348 3395; x_wconf 89' lang='lat' dir='ltr'><strong>omini</strong></span> <span class='ocrx_word' id='word_1_197' title='bbox 370 3312 520 3400; x_wconf 86' lang='lat' dir='ltr'><strong>sum,&amp;</strong></span> <span class='ocrx_word' id='word_1_198' title='bbox 543 3313 721 3401; x_wconf 81' lang='lat' dir='ltr'><strong>funiculus</strong></span> <span class='ocrx_word' id='word_1_199' title='bbox 739 3315 951 3393; x_wconf 75' lang='lat' dir='ltr'><strong>hereditatis</strong></span> <span class='ocrx_word' id='word_1_200' title='bbox 972 3317 1072 3408; x_wconf 84' lang='lat' dir='ltr'><strong>ejust</strong></span> <span class='ocrx_word' id='word_1_201' title='bbox 1092 3337 1159 3391; x_wconf 89' lang='lat' dir='ltr'><strong>nec</strong></span> <span class='ocrx_word' id='word_1_202' title='bbox 1181 3337 1262 3402; x_wconf 61' lang='lat' dir='ltr'><strong>aon,</strong></span> 
     </span>
     <span class='ocr_line' id='line_1_28' title="bbox 196 3411 1242 3518; baseline -0.002 -25"><span class='ocrx_word' id='word_1_203' title='bbox 196 3421 293 3513; x_wconf 86' lang='lat' dir='ltr'><strong>cipio</strong></span> <span class='ocrx_word' id='word_1_204' title='bbox 314 3432 450 3513; x_wconf 85' lang='lat' dir='ltr'><strong>partem</strong></span> <span class='ocrx_word' id='word_1_205' title='bbox 470 3416 561 3490; x_wconf 87' lang='lat' dir='ltr'><strong>inter</strong></span> <span class='ocrx_word' id='word_1_206' title='bbox 583 3430 723 3497; x_wconf 78' lang='lat' dir='ltr'><strong>caeteras</strong></span> <span class='ocrx_word' id='word_1_207' title='bbox 742 3414 893 3502; x_wconf 85' lang='lat' dir='ltr'><strong>Tribus,</strong></span> <span class='ocrx_word' id='word_1_208' title='bbox 912 3416 968 3490; x_wconf 83' lang='lat' dir='ltr'><strong>sed</strong></span> <span class='ocrx_word' id='word_1_209' title='bbox 986 3412 1081 3518; x_wconf 84' lang='lat' dir='ltr'><strong>quast</strong></span> <span class='ocrx_word' id='word_1_210' title='bbox 1095 3411 1242 3504; x_wconf 86' lang='lat' dir='ltr'><strong>Levita,</strong></span> 
     </span>
     <span class='ocr_line' id='line_1_29' title="bbox 197 3512 1246 3602; baseline -0.005 -8"><span class='ocrx_word' id='word_1_211' title='bbox 197 3517 236 3594; x_wconf 67' lang='grc' dir='ltr'><strong>ἃ</strong></span> <span class='ocrx_word' id='word_1_212' title='bbox 262 3514 436 3592; x_wconf 82' lang='lat' dir='ltr'><strong>Sacerdos</strong></span> <span class='ocrx_word' id='word_1_213' title='bbox 452 3514 536 3589; x_wconf 85' lang='lat' dir='ltr'><strong>vivo</strong></span> <span class='ocrx_word' id='word_1_214' title='bbox 562 3513 608 3588; x_wconf 89' lang='lat' dir='ltr'><strong>de</strong></span> <span class='ocrx_word' id='word_1_215' title='bbox 633 3512 813 3602; x_wconf 84' lang='lat' dir='ltr'><strong>Decimir;</strong></span> <span class='ocrx_word' id='word_1_216' title='bbox 833 3516 870 3590; x_wconf 90' lang='lat'>&amp;</span> <span class='ocrx_word' id='word_1_217' title='bbox 891 3514 998 3591; x_wconf 83' lang='lat' dir='ltr'><strong>rlltari</strong></span> <span class='ocrx_word' id='word_1_218' title='bbox 1016 3514 1163 3591; x_wconf 85' lang='lat' dir='ltr'><strong>serviens</strong></span> <span class='ocrx_word' id='word_1_219' title='bbox 1178 3512 1246 3589; x_wconf 61' lang='lat' dir='ltr'><strong>‚al-</strong></span> 
     </span>
     <span class='ocr_line' id='line_1_30' title="bbox 198 3613 1248 3702; baseline -0.004 -7"><span class='ocrx_word' id='word_1_220' title='bbox 198 3617 280 3695; x_wconf 76' lang='lat' dir='ltr'><strong>taris</strong></span> <span class='ocrx_word' id='word_1_221' title='bbox 310 3614 494 3691; x_wconf 88' lang='lat' dir='ltr'><strong>oblatione</strong></span> <span class='ocrx_word' id='word_1_222' title='bbox 518 3614 716 3702; x_wconf 81' lang='lat' dir='ltr'><strong>sustentor,</strong></span> <span class='ocrx_word' id='word_1_223' title='bbox 740 3613 872 3691; x_wconf 80' lang='lat' dir='ltr'><strong>habens</strong></span> <span class='ocrx_word' id='word_1_224' title='bbox 901 3615 1059 3691; x_wconf 67' lang='lat' dir='ltr'><strong>villum,</strong></span> <span class='ocrx_word' id='word_1_225' title='bbox 1084 3615 1119 3688; x_wconf 70' lang='grc' dir='ltr'><strong>ἃ</strong></span> <span class='ocrx_word' id='word_1_226' title='bbox 1145 3614 1248 3693; x_wconf 82' lang='lat' dir='ltr'><strong>vesti·</strong></span> 
     </span>
     <span class='ocr_line' id='line_1_31' title="bbox 199 3713 1249 3800; baseline -0.002 -5"><span class='ocrx_word' id='word_1_227' title='bbox 199 3730 279 3795; x_wconf 87' lang='lat' dir='ltr'><strong>tum</strong></span> <span class='ocrx_word' id='word_1_228' title='bbox 297 3768 308 3800; x_wconf 91' lang='lat'><strong>,</strong></span> <span class='ocrx_word' id='word_1_229' title='bbox 329 3713 384 3791; x_wconf 77' lang='lat' dir='ltr'><strong>his</strong></span> <span class='ocrx_word' id='word_1_230' title='bbox 411 3716 767 3800; x_wconf 65' lang='lat' dir='ltr'><strong>contentorum&amp;</strong></span> <span class='ocrx_word' id='word_1_231' title='bbox 794 3714 926 3791; x_wconf 85' lang='lat' dir='ltr'><strong>nudam</strong></span> <span class='ocrx_word' id='word_1_232' title='bbox 954 3714 1108 3793; x_wconf 87' lang='lat' dir='ltr'><strong>Crucem</strong></span> <span class='ocrx_word' id='word_1_233' title='bbox 1132 3713 1249 3793; x_wconf 86' lang='lat' dir='ltr'><strong>nudut</strong></span> 
     </span>
     <span class='ocr_line' id='line_1_32' title="bbox 108 3812 1251 3917; baseline -0.003 -25"><span class='ocrx_word' id='word_1_234' title='bbox 108 3832 115 3849; x_wconf 64' lang='lat'><strong>⁵</strong></span> <span class='ocrx_word' id='word_1_235' title='bbox 200 3817 325 3917; x_wconf 79' lang='lat' dir='ltr'><strong>sequar</strong></span> <span class='ocrx_word' id='word_1_236' title='bbox 344 3870 367 3906; x_wconf 86' lang='lat'>„</span> <span class='ocrx_word' id='word_1_237' title='bbox 382 3869 418 3905; x_wconf 82' lang='lat'><strong>„.</strong></span> <span class='ocrx_word' id='word_1_238' title='bbox 447 3812 540 3904; x_wconf 85' lang='lat' dir='ltr'><strong>Qnae</strong></span> <span class='ocrx_word' id='word_1_239' title='bbox 564 3829 681 3890; x_wconf 86' lang='lat' dir='ltr'><strong>tamen</strong></span> <span class='ocrx_word' id='word_1_240' title='bbox 703 3838 777 3890; x_wconf 91' lang='lat' dir='ltr'><strong>non</strong></span> <span class='ocrx_word' id='word_1_241' title='bbox 806 3838 851 3890; x_wconf 87' lang='lat' dir='ltr'><strong>co</strong></span> <span class='ocrx_word' id='word_1_242' title='bbox 869 3813 957 3890; x_wconf 73' lang='lat' dir='ltr'><strong>ditia</strong></span> <span class='ocrx_word' id='word_1_243' title='bbox 987 3813 1065 3889; x_wconf 91' lang='lat' dir='ltr'><strong>sunt</strong></span> <span class='ocrx_word' id='word_1_244' title='bbox 1085 3817 1207 3897; x_wconf 88' lang='lat' dir='ltr'><strong>animo</strong></span> <span class='ocrx_word' id='word_1_245' title='bbox 1229 3834 1251 3897; x_wconf 85' lang='lat' dir='ltr'><strong>a</strong></span> 
     </span>
     <span class='ocr_line' id='line_1_33' title="bbox 198 3908 1251 3994; baseline -0.003 0"><span class='ocrx_word' id='word_1_246' title='bbox 198 3911 407 3994; x_wconf 70' lang='lat' dir='ltr'><strong>sancliss&#39;rmu</strong></span> <span class='ocrx_word' id='word_1_247' title='bbox 420 3908 582 3991; x_wconf 78' lang='lat' dir='ltr'><strong>nonore</strong></span> <span class='ocrx_word' id='word_1_248' title='bbox 595 3961 606 3994; x_wconf 83' lang='lat'>‚</span> <span class='ocrx_word' id='word_1_249' title='bbox 620 3930 661 3989; x_wconf 88' lang='lat' dir='ltr'><strong>ut</strong></span> <span class='ocrx_word' id='word_1_250' title='bbox 676 3912 823 3992; x_wconf 87' lang='lat' dir='ltr'><strong>Clericis</strong></span> <span class='ocrx_word' id='word_1_251' title='bbox 834 3915 1053 3992; x_wconf 78' lang='lat' dir='ltr'><strong>interdiilam</strong></span> <span class='ocrx_word' id='word_1_252' title='bbox 1069 3915 1251 3991; x_wconf 87' lang='lat' dir='ltr'><strong>bonorum</strong></span> 
     </span>
     <span class='ocr_line' id='line_1_34' title="bbox 203 4004 1262 4113; baseline -0.004 -20"><span class='ocrx_word' id='word_1_253' title='bbox 203 4012 457 4110; x_wconf 83' lang='lat' dir='ltr'><strong>temporalium</strong></span> <span class='ocrx_word' id='word_1_254' title='bbox 484 4010 730 4107; x_wconf 84' lang='lat' dir='ltr'><strong>pollellionem</strong></span> <span class='ocrx_word' id='word_1_255' title='bbox 759 4014 889 4099; x_wconf 84' lang='lat' dir='ltr'><strong>vellet,</strong></span> <span class='ocrx_word' id='word_1_256' title='bbox 907 4018 968 4113; x_wconf 88' lang='lat' dir='ltr'><strong>qui</strong></span> <span class='ocrx_word' id='word_1_257' title='bbox 998 4014 1105 4101; x_wconf 75' lang='lat' dir='ltr'><strong>Joan.</strong></span> <span class='ocrx_word' id='word_1_258' title='bbox 1124 4004 1262 4101; x_wconf 76' lang='lat' dir='ltr'><strong>Wr&#39;cleff</strong></span> 
     </span>
     <span class='ocr_line' id='line_1_35' title="bbox 204 4108 1256 4204; baseline 0 -12"><span class='ocrx_word' id='word_1_259' title='bbox 204 4138 304 4194; x_wconf 85' lang='lat' dir='ltr'><strong>error</strong></span> <span class='ocrx_word' id='word_1_260' title='bbox 328 4112 395 4191; x_wconf 85' lang='lat' dir='ltr'><strong>fuit</strong></span> <span class='ocrx_word' id='word_1_261' title='bbox 411 4117 447 4190; x_wconf 90' lang='lat' dir='ltr'><strong>in</strong></span> <span class='ocrx_word' id='word_1_262' title='bbox 472 4112 640 4191; x_wconf 90' lang='lat' dir='ltr'><strong>Concilio</strong></span> <span class='ocrx_word' id='word_1_263' title='bbox 667 4112 923 4190; x_wconf 85' lang='lat' dir='ltr'><strong>Constanriensr</strong></span> <span class='ocrx_word' id='word_1_264' title='bbox 952 4113 1137 4189; x_wconf 79' lang='lat' dir='ltr'><strong>damnatur</strong></span> <span class='ocrx_word' id='word_1_265' title='bbox 1162 4137 1174 4204; x_wconf 92' lang='lat'>;</span> <span class='ocrx_word' id='word_1_266' title='bbox 1196 4108 1256 4192; x_wconf 88' lang='lat' dir='ltr'><strong>sed</strong></span> 
     </span>
     <span class='ocr_line' id='line_1_36' title="bbox 203 4211 1257 4312; baseline -0.007 -17"><span class='ocrx_word' id='word_1_267' title='bbox 203 4233 248 4295; x_wconf 89' lang='lat' dir='ltr'><strong>ut</strong></span> <span class='ocrx_word' id='word_1_268' title='bbox 273 4212 503 4312; x_wconf 73' lang='lat' dir='ltr'><strong>significaret,</strong></span> <span class='ocrx_word' id='word_1_269' title='bbox 526 4212 686 4290; x_wconf 86' lang='lat' dir='ltr'><strong>Clericus</strong></span> <span class='ocrx_word' id='word_1_270' title='bbox 708 4214 946 4310; x_wconf 81' lang='lat' dir='ltr'><strong>congerendis</strong></span> <span class='ocrx_word' id='word_1_271' title='bbox 970 4216 1098 4308; x_wconf 85' lang='lat' dir='ltr'><strong>opibus</strong></span> <span class='ocrx_word' id='word_1_272' title='bbox 1118 4211 1257 4288; x_wconf 85' lang='lat' dir='ltr'><strong>studere</strong></span> 
     </span>
     <span class='ocr_line' id='line_1_37' title="bbox 203 4313 1257 4411; baseline -0.004 -18"><span class='ocrx_word' id='word_1_273' title='bbox 203 4339 282 4393; x_wconf 89' lang='lat' dir='ltr'><strong>non</strong></span> <span class='ocrx_word' id='word_1_274' title='bbox 316 4317 471 4401; x_wconf 87' lang='lat' dir='ltr'><strong>debere,</strong></span> <span class='ocrx_word' id='word_1_275' title='bbox 492 4313 547 4389; x_wconf 84' lang='lat' dir='ltr'><strong>sed</strong></span> <span class='ocrx_word' id='word_1_276' title='bbox 580 4317 647 4399; x_wconf 89' lang='lat' dir='ltr'><strong>iis,</strong></span> <span class='ocrx_word' id='word_1_277' title='bbox 670 4338 749 4411; x_wconf 84' lang='lat' dir='ltr'><strong>quae</strong></span> <span class='ocrx_word' id='word_1_278' title='bbox 772 4316 815 4388; x_wconf 91' lang='lat' dir='ltr'><strong>ad</strong></span> <span class='ocrx_word' id='word_1_279' title='bbox 847 4313 978 4388; x_wconf 71' lang='lat' dir='ltr'><strong>vitlum</strong></span> <span class='ocrx_word' id='word_1_280' title='bbox 1000 4368 1009 4398; x_wconf 88' lang='lat'><strong>,</strong></span> <span class='ocrx_word' id='word_1_281' title='bbox 1035 4313 1070 4386; x_wconf 70' lang='grc' dir='ltr'><strong>δι</strong></span> <span class='ocrx_word' id='word_1_282' title='bbox 1092 4313 1257 4398; x_wconf 78' lang='lat' dir='ltr'><strong>vestitum</strong></span> 
     </span>
     <span class='ocr_line' id='line_1_38' title="bbox 206 4411 1259 4510; baseline -0.006 -18"><span class='ocrx_word' id='word_1_283' title='bbox 206 4411 407 4501; x_wconf 83' lang='lat' dir='ltr'><strong>sufficiunt,</strong></span> <span class='ocrx_word' id='word_1_284' title='bbox 433 4428 652 4494; x_wconf 68' lang='lat' dir='ltr'><strong>contentos,</strong></span> <span class='ocrx_word' id='word_1_285' title='bbox 674 4417 850 4510; x_wconf 85' lang='lat' dir='ltr'><strong>negotiis,</strong></span> <span class='ocrx_word' id='word_1_286' title='bbox 876 4416 1022 4489; x_wconf 83' lang='lat' dir='ltr'><strong>&amp;curis</strong></span> <span class='ocrx_word' id='word_1_287' title='bbox 1039 4412 1259 4488; x_wconf 74' lang='lat' dir='ltr'><strong>sacularibus</strong></span> 
     </span>
     <span class='ocr_line' id='line_1_39' title="bbox 205 4506 1259 4611; baseline -0.009 -19"><span class='ocrx_word' id='word_1_288' title='bbox 205 4516 241 4592; x_wconf 84' lang='lat' dir='ltr'><strong>se</strong></span> <span class='ocrx_word' id='word_1_289' title='bbox 273 4536 349 4591; x_wconf 88' lang='lat' dir='ltr'><strong>non</strong></span> <span class='ocrx_word' id='word_1_290' title='bbox 370 4515 562 4611; x_wconf 82' lang='lat' dir='ltr'><strong>implicare·</strong></span> <span class='ocrx_word' id='word_1_291' title='bbox 593 4570 649 4606; x_wconf 87' lang='lat'>,‚‚,</span> <span class='ocrx_word' id='word_1_292' title='bbox 689 4511 851 4591; x_wconf 84' lang='lat' dir='ltr'><strong>Obsecro</strong></span> <span class='ocrx_word' id='word_1_293' title='bbox 884 4515 1001 4609; x_wconf 81' lang='lat' dir='ltr'><strong>itaque</strong></span> <span class='ocrx_word' id='word_1_294' title='bbox 1025 4528 1060 4587; x_wconf 90' lang='lat' dir='ltr'><strong>te</strong></span> <span class='ocrx_word' id='word_1_295' title='bbox 1091 4506 1259 4603; x_wconf 82' lang='lat' dir='ltr'><strong>(inquit)</strong></span> 
     </span>
     <span class='ocr_line' id='line_1_40' title="bbox 209 4610 1257 4713; baseline -0.002 -22"><span class='ocrx_word' id='word_1_296' title='bbox 209 4616 250 4691; x_wconf 70' lang='grc' dir='ltr'>ἃ</span> <span class='ocrx_word' id='word_1_297' title='bbox 271 4629 433 4710; x_wconf 86' lang='lat' dir='ltr'><strong>repetens</strong></span> <span class='ocrx_word' id='word_1_298' title='bbox 453 4622 581 4691; x_wconf 88' lang='lat' dir='ltr'><strong>iterum</strong></span> <span class='ocrx_word' id='word_1_299' title='bbox 606 4620 807 4713; x_wconf 89' lang='lat' dir='ltr'><strong>iterumque</strong></span> <span class='ocrx_word' id='word_1_300' title='bbox 828 4616 1008 4699; x_wconf 90' lang='lat' dir='ltr'><strong>monebo,</strong></span> <span class='ocrx_word' id='word_1_301' title='bbox 1026 4637 1070 4688; x_wconf 91' lang='lat' dir='ltr'><strong>ne</strong></span> <span class='ocrx_word' id='word_1_302' title='bbox 1094 4610 1257 4689; x_wconf 86' lang='lat' dir='ltr'><strong>officium</strong></span> 
     </span>
     <span class='ocr_line' id='line_1_41' title="bbox 208 4711 1258 4895; baseline -0.004 -100"><span class='ocrx_word' id='word_1_303' title='bbox 208 4712 406 4805; x_wconf 71' lang='lat' dir='ltr'><strong>clericatur</strong></span> <span class='ocrx_word' id='word_1_304' title='bbox 428 4738 543 4814; x_wconf 73' lang='lat' dir='ltr'><strong>genos</strong></span> <span class='ocrx_word' id='word_1_305' title='bbox 568 4717 724 4895; x_wconf 61' lang='lat' dir='ltr'><strong>inriguae</strong></span> <span class='ocrx_word' id='word_1_306' title='bbox 747 4715 880 4795; x_wconf 76' lang='lat' dir='ltr'><strong>militia</strong></span> <span class='ocrx_word' id='word_1_307' title='bbox 903 4729 1035 4813; x_wconf 81' lang='lat' dir='ltr'><strong>putes,</strong></span> <span class='ocrx_word' id='word_1_308' title='bbox 1057 4711 1095 4790; x_wconf 92' lang='lat' dir='ltr'><strong>id</strong></span> <span class='ocrx_word' id='word_1_309' title='bbox 1107 4714 1189 4890; x_wconf 80' lang='lat' dir='ltr'><strong>¹est,</strong></span> <span class='ocrx_word' id='word_1_310' title='bbox 1210 4734 1258 4791; x_wconf 83' lang='lat' dir='ltr'><strong>ne</strong></span> 
     </span>
     <span class='ocr_line' id='line_1_42' title="bbox 305 4833 1206 4917; baseline 0 -18"><span class='ocrx_word' id='word_1_311' title='bbox 305 4852 315 4869; x_wconf 93' lang='lat'><strong>··</strong></span> <span class='ocrx_word' id='word_1_312' title='bbox 642 4898 650 4909; x_wconf 72' lang='grc'><em>,</em></span> <span class='ocrx_word' id='word_1_313' title='bbox 706 4835 725 4917; x_wconf 79' lang='lat'>5</span> <span class='ocrx_word' id='word_1_314' title='bbox 1122 4833 1206 4899; x_wconf 74' lang='lat' dir='ltr'><strong>uera</strong></span> 
     </span>
    </p>
   </div>
   <div class='ocr_carea' id='block_1_4' title="bbox 0 0 1646 5375">
    <p class='ocr_par' dir='ltr' id='par_1_4' title="bbox 0 0 1646 5375">
     <span class='ocr_line' id='line_1_43' title="bbox 0 0 1646 5375; baseline 0 0"><span class='ocrx_word' id='word_1_315' title='bbox 0 0 1646 5375; x_wconf 95' lang='lat' dir='ltr'><strong> </strong></span> 
     </span>
    </p>
   </div>
  </div>
 </body>
</html>
