<?xml version="1.0" encoding="UTF-8"?>
<!DOCTYPE html PUBLIC "-//W3C//DTD XHTML 1.0 Transitional//EN"
    "http://www.w3.org/TR/xhtml1/DTD/xhtml1-transitional.dtd">
<html xmlns="http://www.w3.org/1999/xhtml" xml:lang="en" lang="en">
 <head>
  <title>
</title>
<meta http-equiv="Content-Type" content="text/html;charset=utf-8" />
  <meta name='ocr-system' content='tesseract 3.04.00' />
  <meta name='ocr-capabilities' content='ocr_page ocr_carea ocr_par ocr_line ocrx_word'/>
</head>
<body>
  <div class='ocr_page' id='page_1' title='image "./theologiadogmat01alexgoog_0066.png"; bbox 0 0 3200 5375; ppageno 0'>
   <div class='ocr_carea' id='block_1_1' title="bbox 247 696 1278 849">
    <p class='ocr_par' dir='ltr' id='par_1_1' title="bbox 247 696 1278 849">
     <span class='ocr_line' id='line_1_1' title="bbox 247 696 1278 849; baseline 0.028 -35"><span class='ocrx_word' id='word_1_1' title='bbox 247 735 322 820; x_wconf 91' lang='grc'>·,.</span> <span class='ocrx_word' id='word_1_2' title='bbox 372 696 454 828; x_wconf 72' lang='lat' dir='ltr'>ua(</span> <span class='ocrx_word' id='word_1_3' title='bbox 470 727 742 828; x_wconf 72' lang='lat' dir='ltr'>sacramanta</span> <span class='ocrx_word' id='word_1_4' title='bbox 773 719 994 832; x_wconf 68' lang='lat' dir='ltr'>ornan</span> <span class='ocrx_word' id='word_1_5' title='bbox 1152 734 1210 849; x_wconf 65' lang='grc' dir='ltr'><em>ἠ</em></span> <span class='ocrx_word' id='word_1_6' title='bbox 1276 787 1278 790; x_wconf 92' lang='lat'>·</span> 
     </span>
    </p>
   </div>
   <div class='ocr_carea' id='block_1_2' title="bbox 91 900 1446 4700">
    <p class='ocr_par' dir='ltr' id='par_1_2' title="bbox 156 900 1255 1007">
     <span class='ocr_line' id='line_1_2' title="bbox 156 900 1255 1007; baseline -0.003 -22"><span class='ocrx_word' id='word_1_7' title='bbox 156 906 257 998; x_wconf 79' lang='lat' dir='ltr'>sellio</span> <span class='ocrx_word' id='word_1_8' title='bbox 276 925 353 986; x_wconf 90' lang='lat' dir='ltr'>non</span> <span class='ocrx_word' id='word_1_9' title='bbox 373 905 609 984; x_wconf 84' lang='lat' dir='ltr'>contrariatur</span> <span class='ocrx_word' id='word_1_10' title='bbox 628 901 751 985; x_wconf 85' lang='lat' dir='ltr'>divino</span> <span class='ocrx_word' id='word_1_11' title='bbox 773 906 904 994; x_wconf 86' lang='lat' dir='ltr'>cultui,</span> <span class='ocrx_word' id='word_1_12' title='bbox 927 904 972 982; x_wconf 89' lang='lat' dir='ltr'>ad</span> <span class='ocrx_word' id='word_1_13' title='bbox 994 926 1103 1007; x_wconf 85' lang='lat' dir='ltr'>quem</span> <span class='ocrx_word' id='word_1_14' title='bbox 1126 900 1210 983; x_wconf 85' lang='lat' dir='ltr'>cra.</span> <span class='ocrx_word' id='word_1_15' title='bbox 1249 938 1255 952; x_wconf 67' lang='lat'><strong><em>¹</em></strong></span> 
     </span>
    </p>

    <p class='ocr_par' dir='ltr' id='par_1_3' title="bbox 157 1003 1208 1105">
     <span class='ocr_line' id='line_1_3' title="bbox 157 1003 1208 1105; baseline -0.007 -16"><span class='ocrx_word' id='word_1_16' title='bbox 157 1011 225 1089; x_wconf 89' lang='lat' dir='ltr'>rici</span> <span class='ocrx_word' id='word_1_17' title='bbox 254 1008 469 1105; x_wconf 87' lang='lat' dir='ltr'>deputantur</span> <span class='ocrx_word' id='word_1_18' title='bbox 490 1003 577 1089; x_wconf 85' lang='lat' dir='ltr'>,sed</span> <span class='ocrx_word' id='word_1_19' title='bbox 599 1008 707 1084; x_wconf 88' lang='lat' dir='ltr'>nimia</span> <span class='ocrx_word' id='word_1_20' title='bbox 745 1028 873 1085; x_wconf 84' lang='lat' dir='ltr'>eorum</span> <span class='ocrx_word' id='word_1_21' title='bbox 902 1006 1090 1084; x_wconf 80' lang='lat' dir='ltr'>solicitudo</span> <span class='ocrx_word' id='word_1_22' title='bbox 1128 1060 1149 1098; x_wconf 89' lang='lat'>„</span> <span class='ocrx_word' id='word_1_23' title='bbox 1166 1028 1208 1105; x_wconf 76' lang='lat'>„3</span> 
     </span>
    </p>

    <p class='ocr_par' dir='ltr' id='par_1_4' title="bbox 158 1105 1219 1212">
     <span class='ocr_line' id='line_1_4' title="bbox 158 1105 1219 1212; baseline -0.007 -28"><span class='ocrx_word' id='word_1_24' title='bbox 158 1110 245 1212; x_wconf 86' lang='lat' dir='ltr'>quia</span> <span class='ocrx_word' id='word_1_25' title='bbox 256 1161 267 1195; x_wconf 84' lang='lat'><em>,</em></span> <span class='ocrx_word' id='word_1_26' title='bbox 280 1123 320 1192; x_wconf 88' lang='lat' dir='ltr'>ut</span> <span class='ocrx_word' id='word_1_27' title='bbox 339 1110 387 1183; x_wconf 82' lang='lat' dir='ltr'>ait</span> <span class='ocrx_word' id='word_1_28' title='bbox 404 1107 646 1198; x_wconf 66' lang='lat' dir='ltr'>notegario,</span> <span class='ocrx_word' id='word_1_29' title='bbox 661 1107 721 1183; x_wconf 80' lang='lat' dir='ltr'>lib.</span> <span class='ocrx_word' id='word_1_30' title='bbox 733 1124 791 1186; x_wconf 84' lang='lat' dir='ltr'>lu.</span> <span class='ocrx_word' id='word_1_31' title='bbox 809 1107 931 1177; x_wconf 82' lang='lat' dir='ltr'>Maras.</span> <span class='ocrx_word' id='word_1_32' title='bbox 949 1129 1027 1205; x_wconf 78' lang='lat' dir='ltr'>cap,</span> <span class='ocrx_word' id='word_1_33' title='bbox 1045 1127 1101 1200; x_wconf 83' lang='lat'>17.</span> <span class='ocrx_word' id='word_1_34' title='bbox 1124 1105 1219 1178; x_wconf 75' lang='lat' dir='ltr'>Novi</span> 
     </span>
    </p>

    <p class='ocr_par' dir='ltr' id='par_1_5' title="bbox 158 1203 1214 1307">
     <span class='ocr_line' id='line_1_5' title="bbox 158 1203 1214 1307; baseline 0.001 -27"><span class='ocrx_word' id='word_1_35' title='bbox 158 1208 269 1297; x_wconf 75' lang='lat' dir='ltr'>senfin</span> <span class='ocrx_word' id='word_1_36' title='bbox 294 1208 330 1288; x_wconf 82' lang='lat' dir='ltr'>ivr</span> <span class='ocrx_word' id='word_1_37' title='bbox 351 1207 511 1288; x_wconf 70' lang='lat' dir='ltr'>criminer</span> <span class='ocrx_word' id='word_1_38' title='bbox 527 1204 582 1293; x_wconf 81' lang='lat' dir='ltr'>sed</span> <span class='ocrx_word' id='word_1_39' title='bbox 601 1203 743 1295; x_wconf 72' lang='lat' dir='ltr'>effessius.</span> <span class='ocrx_word' id='word_1_40' title='bbox 773 1205 854 1284; x_wconf 85' lang='lat' dir='ltr'>ltno</span> <span class='ocrx_word' id='word_1_41' title='bbox 876 1204 940 1307; x_wconf 77' lang='lat' dir='ltr'>ipsu</span> <span class='ocrx_word' id='word_1_42' title='bbox 960 1203 1092 1286; x_wconf 77' lang='lat' dir='ltr'>[aeuitae</span> <span class='ocrx_word' id='word_1_43' title='bbox 1112 1220 1214 1282; x_wconf 81' lang='lat' dir='ltr'>vete·</span> 
     </span>
    </p>

    <p class='ocr_par' dir='ltr' id='par_1_6' title="bbox 159 1297 1212 1420">
     <span class='ocr_line' id='line_1_6' title="bbox 159 1297 1212 1420; baseline -0.004 -32"><span class='ocrx_word' id='word_1_44' title='bbox 159 1313 210 1388; x_wconf 82' lang='lat' dir='ltr'>ria</span> <span class='ocrx_word' id='word_1_45' title='bbox 231 1304 362 1404; x_wconf 78' lang='lat' dir='ltr'>Legis,</span> <span class='ocrx_word' id='word_1_46' title='bbox 385 1308 446 1402; x_wconf 86' lang='lat' dir='ltr'>qui</span> <span class='ocrx_word' id='word_1_47' title='bbox 471 1303 693 1384; x_wconf 85' lang='lat' dir='ltr'>Clerlcorunr</span> <span class='ocrx_word' id='word_1_48' title='bbox 714 1308 919 1385; x_wconf 86' lang='lat' dir='ltr'>nostrorum</span> <span class='ocrx_word' id='word_1_49' title='bbox 941 1310 1017 1420; x_wconf 75' lang='lat' dir='ltr'>typi</span> <span class='ocrx_word' id='word_1_50' title='bbox 1037 1297 1212 1394; x_wconf 67' lang='lat' dir='ltr'>suerunt,</span> 
     </span>
    </p>

    <p class='ocr_par' dir='ltr' id='par_1_7' title="bbox 159 1403 1212 1507">
     <span class='ocr_line' id='line_1_7' title="bbox 159 1403 1212 1507; baseline -0.003 -22"><span class='ocrx_word' id='word_1_51' title='bbox 159 1412 259 1494; x_wconf 86' lang='lat' dir='ltr'>bona</span> <span class='ocrx_word' id='word_1_52' title='bbox 282 1404 489 1503; x_wconf 81' lang='lat' dir='ltr'>temporalia</span> <span class='ocrx_word' id='word_1_53' title='bbox 522 1403 759 1503; x_wconf 83' lang='lat' dir='ltr'>possederunt.</span> <span class='ocrx_word' id='word_1_54' title='bbox 800 1405 885 1507; x_wconf 86' lang='lat' dir='ltr'>lpsrs</span> <span class='ocrx_word' id='word_1_55' title='bbox 914 1430 1010 1482; x_wconf 83' lang='lat' dir='ltr'>enim</span> <span class='ocrx_word' id='word_1_56' title='bbox 1035 1406 1212 1493; x_wconf 77' lang='lat' dir='ltr'>attributae</span> 
     </span>
    </p>

    <p class='ocr_par' dir='ltr' id='par_1_8' title="bbox 166 1504 1213 1593">
     <span class='ocr_line' id='line_1_8' title="bbox 166 1504 1213 1593; baseline -0.006 -6"><span class='ocrx_word' id='word_1_57' title='bbox 166 1510 248 1589; x_wconf 89' lang='lat' dir='ltr'>sunt</span> <span class='ocrx_word' id='word_1_58' title='bbox 268 1509 425 1591; x_wconf 86' lang='lat' dir='ltr'>civitates</span> <span class='ocrx_word' id='word_1_59' title='bbox 448 1504 492 1582; x_wconf 90' lang='lat' dir='ltr'>ad</span> <span class='ocrx_word' id='word_1_60' title='bbox 511 1504 756 1593; x_wconf 85' lang='lat' dir='ltr'>habitandum,</span> <span class='ocrx_word' id='word_1_61' title='bbox 781 1508 819 1582; x_wconf 89' lang='lat'><strong>&amp;</strong></span> <span class='ocrx_word' id='word_1_62' title='bbox 837 1507 1029 1585; x_wconf 87' lang='lat' dir='ltr'>suburbana</span> <span class='ocrx_word' id='word_1_63' title='bbox 1055 1507 1098 1582; x_wconf 89' lang='lat' dir='ltr'>ad</span> <span class='ocrx_word' id='word_1_64' title='bbox 1116 1506 1213 1581; x_wconf 90' lang='lat' dir='ltr'>alen-</span> 
     </span>
    </p>

    <p class='ocr_par' dir='ltr' id='par_1_9' title="bbox 162 1602 1308 1705">
     <span class='ocr_line' id='line_1_9' title="bbox 162 1602 1308 1705; baseline -0.001 -18"><span class='ocrx_word' id='word_1_65' title='bbox 162 1610 254 1698; x_wconf 81' lang='lat' dir='ltr'>duos</span> <span class='ocrx_word' id='word_1_66' title='bbox 294 1629 449 1705; x_wconf 73' lang='lat' dir='ltr'>pecora,</span> <span class='ocrx_word' id='word_1_67' title='bbox 481 1606 591 1676; x_wconf 81' lang='lat' dir='ltr'><em>Nam.</em></span> <span class='ocrx_word' id='word_1_68' title='bbox 611 1625 670 1697; x_wconf 77' lang='lat'>35.</span> <span class='ocrx_word' id='word_1_69' title='bbox 705 1604 806 1700; x_wconf 86' lang='lat' dir='ltr'>Quin</span> <span class='ocrx_word' id='word_1_70' title='bbox 827 1608 864 1684; x_wconf 66' lang='grc' dir='ltr'><strong><em>ἃ</em></strong></span> <span class='ocrx_word' id='word_1_71' title='bbox 892 1602 1060 1679; x_wconf 78' lang='lat' dir='ltr'>Barnabas</span> <span class='ocrx_word' id='word_1_72' title='bbox 1087 1602 1212 1686; x_wconf 79' lang='lat' dir='ltr'>Leviu</span> <span class='ocrx_word' id='word_1_73' title='bbox 1304 1628 1308 1637; x_wconf 82' lang='lat'>&#39;</span> 
     </span>
    </p>

    <p class='ocr_par' dir='ltr' id='par_1_10' title="bbox 163 1701 1213 1806">
     <span class='ocr_line' id='line_1_10' title="bbox 163 1701 1213 1806; baseline -0.006 -19"><span class='ocrx_word' id='word_1_74' title='bbox 163 1731 301 1806; x_wconf 85' lang='lat' dir='ltr'>agnum</span> <span class='ocrx_word' id='word_1_75' title='bbox 317 1701 469 1783; x_wconf 86' lang='lat' dir='ltr'>habuisse</span> <span class='ocrx_word' id='word_1_76' title='bbox 483 1705 631 1806; x_wconf 77' lang='lat' dir='ltr'>legitur,</span> <span class='ocrx_word' id='word_1_77' title='bbox 645 1708 745 1802; x_wconf 87' lang='lat' dir='ltr'>cujus</span> <span class='ocrx_word' id='word_1_78' title='bbox 763 1711 915 1805; x_wconf 85' lang='lat' dir='ltr'>pretium</span> <span class='ocrx_word' id='word_1_79' title='bbox 928 1706 972 1781; x_wconf 90' lang='lat' dir='ltr'>ad</span> <span class='ocrx_word' id='word_1_80' title='bbox 990 1703 1095 1802; x_wconf 85' lang='lat' dir='ltr'>pedes</span> <span class='ocrx_word' id='word_1_81' title='bbox 1114 1709 1213 1804; x_wconf 81' lang='lat' dir='ltr'>Apo·</span> 
     </span>
    </p>

    <p class='ocr_par' dir='ltr' id='par_1_11' title="bbox 164 1803 1212 1906">
     <span class='ocr_line' id='line_1_11' title="bbox 164 1803 1212 1906; baseline -0.01 -20"><span class='ocrx_word' id='word_1_82' title='bbox 164 1807 342 1894; x_wconf 81' lang='lat' dir='ltr'>stolorum</span> <span class='ocrx_word' id='word_1_83' title='bbox 371 1805 533 1904; x_wconf 84' lang='lat' dir='ltr'>deposuit</span> <span class='ocrx_word' id='word_1_84' title='bbox 562 1803 686 1899; x_wconf 65' lang='lat' dir='ltr'>Adae.</span> <span class='ocrx_word' id='word_1_85' title='bbox 718 1803 887 1906; x_wconf 72' lang='lat' dir='ltr'>jeremias</span> <span class='ocrx_word' id='word_1_86' title='bbox 911 1806 1081 1889; x_wconf 76' lang='lat' dir='ltr'>Sacerdos</span> <span class='ocrx_word' id='word_1_87' title='bbox 1096 1828 1125 1882; x_wconf 83' lang='lat' dir='ltr'>a</span> <span class='ocrx_word' id='word_1_88' title='bbox 1149 1827 1212 1903; x_wconf 76' lang='lat' dir='ltr'>pa.</span> 
     </span>
    </p>

    <p class='ocr_par' dir='ltr' id='par_1_12' title="bbox 168 1905 1213 2004">
     <span class='ocr_line' id='line_1_12' title="bbox 168 1905 1213 2004; baseline -0.003 -20"><span class='ocrx_word' id='word_1_89' title='bbox 168 1908 283 2003; x_wconf 74' lang='lat' dir='ltr'>truele</span> <span class='ocrx_word' id='word_1_90' title='bbox 305 1905 368 1992; x_wconf 91' lang='lat' dir='ltr'>suo</span> <span class='ocrx_word' id='word_1_91' title='bbox 389 1928 514 2003; x_wconf 79' lang='lat' dir='ltr'>agrurn</span> <span class='ocrx_word' id='word_1_92' title='bbox 540 1909 637 1985; x_wconf 85' lang='lat' dir='ltr'>emit·</span> <span class='ocrx_word' id='word_1_93' title='bbox 661 1906 794 1997; x_wconf 67' lang='lat' dir='ltr'>flerem.</span> <span class='ocrx_word' id='word_1_94' title='bbox 815 1924 874 1980; x_wconf 84' lang='lat' dir='ltr'>aa.</span> <span class='ocrx_word' id='word_1_95' title='bbox 902 1908 938 1982; x_wconf 77' lang='lat' dir='ltr'>dr</span> <span class='ocrx_word' id='word_1_96' title='bbox 959 1928 1036 2004; x_wconf 86' lang='lat' dir='ltr'>cap.</span> <span class='ocrx_word' id='word_1_97' title='bbox 1058 1923 1112 1982; x_wconf 83' lang='lat' dir='ltr'>ra·</span> <span class='ocrx_word' id='word_1_98' title='bbox 1140 1905 1213 1981; x_wconf 77' lang='lat' dir='ltr'>ha·</span> 
     </span>
    </p>

    <p class='ocr_par' dir='ltr' id='par_1_13' title="bbox 166 2002 1212 2104">
     <span class='ocr_line' id='line_1_13' title="bbox 166 2002 1212 2104; baseline -0.001 -19"><span class='ocrx_word' id='word_1_99' title='bbox 166 2009 355 2085; x_wconf 86' lang='lat' dir='ltr'>reditatem</span> <span class='ocrx_word' id='word_1_100' title='bbox 380 2004 413 2082; x_wconf 90' lang='lat' dir='ltr'>se</span> <span class='ocrx_word' id='word_1_101' title='bbox 433 2002 587 2083; x_wconf 83' lang='lat' dir='ltr'>habuisse</span> <span class='ocrx_word' id='word_1_102' title='bbox 604 2008 756 2083; x_wconf 82' lang='lat' dir='ltr'>testatur.</span> <span class='ocrx_word' id='word_1_103' title='bbox 786 2003 894 2104; x_wconf 87' lang='lat' dir='ltr'>Judas</span> <span class='ocrx_word' id='word_1_104' title='bbox 912 2004 1158 2091; x_wconf 81' lang='lat' dir='ltr'>Machabaeus,</span> <span class='ocrx_word' id='word_1_105' title='bbox 1174 2006 1212 2084; x_wconf 76' lang='lat' dir='ltr'>de</span> 
     </span>
    </p>

    <p class='ocr_par' dir='ltr' id='par_1_14' title="bbox 168 2102 1212 2206">
     <span class='ocr_line' id='line_1_14' title="bbox 168 2102 1212 2206; baseline -0.002 -24"><span class='ocrx_word' id='word_1_106' title='bbox 168 2108 293 2193; x_wconf 77' lang='lat' dir='ltr'>iratres</span> <span class='ocrx_word' id='word_1_107' title='bbox 315 2102 567 2201; x_wconf 68' lang='lat' dir='ltr'>ejusLuvitn,</span> <span class='ocrx_word' id='word_1_108' title='bbox 589 2129 673 2184; x_wconf 83' lang='lat' dir='ltr'>cunr</span> <span class='ocrx_word' id='word_1_109' title='bbox 694 2106 870 2202; x_wconf 82' lang='lat' dir='ltr'>Principes</span> <span class='ocrx_word' id='word_1_110' title='bbox 888 2106 1038 2206; x_wconf 90' lang='lat' dir='ltr'>populi,</span> <span class='ocrx_word' id='word_1_111' title='bbox 1058 2106 1212 2204; x_wconf 74' lang='lat' dir='ltr'>bellique</span> 
     </span>
    </p>

    <p class='ocr_par' dir='ltr' id='par_1_15' title="bbox 169 2202 1216 2303">
     <span class='ocr_line' id='line_1_15' title="bbox 169 2202 1216 2303; baseline -0.003 -20"><span class='ocrx_word' id='word_1_112' title='bbox 169 2205 296 2292; x_wconf 86' lang='lat' dir='ltr'>Duces</span> <span class='ocrx_word' id='word_1_113' title='bbox 318 2202 448 2290; x_wconf 86' lang='lat' dir='ltr'>essent,</span> <span class='ocrx_word' id='word_1_114' title='bbox 466 2208 559 2281; x_wconf 85' lang='lat' dir='ltr'>bona</span> <span class='ocrx_word' id='word_1_115' title='bbox 576 2208 782 2302; x_wconf 87' lang='lat' dir='ltr'>temporalia</span> <span class='ocrx_word' id='word_1_116' title='bbox 803 2208 929 2303; x_wconf 91' lang='lat' dir='ltr'>procul</span> <span class='ocrx_word' id='word_1_117' title='bbox 951 2207 1061 2284; x_wconf 89' lang='lat' dir='ltr'>dubio</span> <span class='ocrx_word' id='word_1_118' title='bbox 1081 2206 1216 2282; x_wconf 88' lang='lat' dir='ltr'>habue-</span> 
     </span>
    </p>

    <p class='ocr_par' dir='ltr' id='par_1_16' title="bbox 170 2301 1213 2407">
     <span class='ocr_line' id='line_1_16' title="bbox 170 2301 1213 2407; baseline -0.001 -23"><span class='ocrx_word' id='word_1_119' title='bbox 170 2321 268 2386; x_wconf 84' lang='lat' dir='ltr'>runt·</span> <span class='ocrx_word' id='word_1_120' title='bbox 294 2301 407 2398; x_wconf 89' lang='lat' dir='ltr'>Quod</span> <span class='ocrx_word' id='word_1_121' title='bbox 434 2328 522 2401; x_wconf 82' lang='lat' dir='ltr'>ergo</span> <span class='ocrx_word' id='word_1_122' title='bbox 545 2304 622 2392; x_wconf 82' lang='lat' dir='ltr'>Lex</span> <span class='ocrx_word' id='word_1_123' title='bbox 644 2310 827 2398; x_wconf 77' lang='lat' dir='ltr'>Num.18·</span> <span class='ocrx_word' id='word_1_124' title='bbox 852 2305 991 2383; x_wconf 77' lang='lat' dir='ltr'>Levitae</span> <span class='ocrx_word' id='word_1_125' title='bbox 1017 2305 1213 2407; x_wconf 83' lang='lat' dir='ltr'>quidquam</span> 
     </span>
    </p>

    <p class='ocr_par' dir='ltr' id='par_1_17' title="bbox 169 2403 1216 2506">
     <span class='ocr_line' id='line_1_17' title="bbox 169 2403 1216 2506; baseline -0.003 -22"><span class='ocrx_word' id='word_1_126' title='bbox 169 2403 346 2505; x_wconf 79' lang='lat' dir='ltr'>possidere</span> <span class='ocrx_word' id='word_1_127' title='bbox 364 2418 476 2480; x_wconf 90' lang='lat' dir='ltr'>vetat.</span> <span class='ocrx_word' id='word_1_128' title='bbox 492 2406 525 2480; x_wconf 89' lang='lat' dir='ltr'>id</span> <span class='ocrx_word' id='word_1_129' title='bbox 540 2406 584 2481; x_wconf 87' lang='lat' dir='ltr'>de</span> <span class='ocrx_word' id='word_1_130' title='bbox 609 2424 706 2498; x_wconf 88' lang='lat' dir='ltr'>parte</span> <span class='ocrx_word' id='word_1_131' title='bbox 724 2422 825 2483; x_wconf 81' lang='lat' dir='ltr'>tertae</span> <span class='ocrx_word' id='word_1_132' title='bbox 841 2403 1015 2506; x_wconf 81' lang='lat' dir='ltr'>promissae</span> <span class='ocrx_word' id='word_1_133' title='bbox 1036 2406 1216 2493; x_wconf 77' lang='lat' dir='ltr'>distinda.</span> 
     </span>
    </p>

    <p class='ocr_par' dir='ltr' id='par_1_18' title="bbox 171 2504 1268 2603">
     <span class='ocr_line' id='line_1_18' title="bbox 171 2504 1268 2603; baseline 0.004 -22"><span class='ocrx_word' id='word_1_134' title='bbox 171 2529 215 2592; x_wconf 83' lang='lat' dir='ltr'>ac</span> <span class='ocrx_word' id='word_1_135' title='bbox 235 2504 388 2603; x_wconf 84' lang='lat' dir='ltr'>separata</span> <span class='ocrx_word' id='word_1_136' title='bbox 407 2527 426 2580; x_wconf 90' lang='lat' dir='ltr'>a</span> <span class='ocrx_word' id='word_1_137' title='bbox 446 2504 586 2603; x_wconf 87' lang='lat' dir='ltr'>reliquis</span> <span class='ocrx_word' id='word_1_138' title='bbox 606 2504 1067 2603; x_wconf 81' lang='lat' dir='ltr'>Tribubusintelligendom¹</span> <span class='ocrx_word' id='word_1_139' title='bbox 1084 2506 1154 2583; x_wconf 78' lang='lat' dir='ltr'>eli.</span> <span class='ocrx_word' id='word_1_140' title='bbox 1176 2516 1218 2586; x_wconf 85' lang='lat' dir='ltr'>ul</span> <span class='ocrx_word' id='word_1_141' title='bbox 1266 2534 1268 2538; x_wconf 74' lang='grc'><strong>’</strong></span> 
     </span>
    </p>

    <p class='ocr_par' dir='ltr' id='par_1_19' title="bbox 174 2604 1218 2705">
     <span class='ocr_line' id='line_1_19' title="bbox 174 2604 1218 2705; baseline 0.006 -23"><span class='ocrx_word' id='word_1_142' title='bbox 174 2606 355 2705; x_wconf 79' lang='lat' dir='ltr'>Scriptura</span> <span class='ocrx_word' id='word_1_143' title='bbox 372 2604 550 2683; x_wconf 85' lang='lat' dir='ltr'>manifeste</span> <span class='ocrx_word' id='word_1_144' title='bbox 572 2604 751 2702; x_wconf 82' lang='lat' dir='ltr'>fignificat·</span> <span class='ocrx_word' id='word_1_145' title='bbox 777 2604 905 2683; x_wconf 90' lang='lat' dir='ltr'>Voluit</span> <span class='ocrx_word' id='word_1_146' title='bbox 918 2610 1011 2682; x_wconf 86' lang='lat' dir='ltr'>enirn</span> <span class='ocrx_word' id='word_1_147' title='bbox 1036 2604 1218 2688; x_wconf 72' lang='lat' dir='ltr'>Dominus.</span> 
     </span>
    </p>

    <p class='ocr_par' dir='ltr' id='par_1_20' title="bbox 177 2702 1269 2806">
     <span class='ocr_line' id='line_1_20' title="bbox 177 2702 1269 2806; baseline 0.005 -25"><span class='ocrx_word' id='word_1_148' title='bbox 177 2702 318 2793; x_wconf 70' lang='lat' dir='ltr'>laevitas</span> <span class='ocrx_word' id='word_1_149' title='bbox 345 2708 513 2785; x_wconf 75' lang='lat' dir='ltr'>omuibus</span> <span class='ocrx_word' id='word_1_150' title='bbox 542 2703 721 2784; x_wconf 87' lang='lat' dir='ltr'>Tribubus</span> <span class='ocrx_word' id='word_1_151' title='bbox 756 2713 953 2806; x_wconf 85' lang='lat' dir='ltr'>permixtos</span> <span class='ocrx_word' id='word_1_152' title='bbox 977 2706 1132 2788; x_wconf 86' lang='lat' dir='ltr'>habitare</span> <span class='ocrx_word' id='word_1_153' title='bbox 1152 2721 1220 2793; x_wconf 81' lang='lat' dir='ltr'>,ut</span> <span class='ocrx_word' id='word_1_154' title='bbox 1256 2780 1269 2787; x_wconf 89' lang='lat'>..</span> 
     </span>
    </p>

    <p class='ocr_par' dir='ltr' id='par_1_21' title="bbox 178 2804 1221 2901">
     <span class='ocr_line' id='line_1_21' title="bbox 178 2804 1221 2901; baseline 0 -22"><span class='ocrx_word' id='word_1_155' title='bbox 178 2827 306 2894; x_wconf 79' lang='lat' dir='ltr'>eornm</span> <span class='ocrx_word' id='word_1_156' title='bbox 330 2826 464 2901; x_wconf 69' lang='lat' dir='ltr'>opera,</span> <span class='ocrx_word' id='word_1_157' title='bbox 488 2827 529 2885; x_wconf 86' lang='lat' dir='ltr'>ac</span> <span class='ocrx_word' id='word_1_158' title='bbox 549 2808 737 2883; x_wconf 86' lang='lat' dir='ltr'>ministerio</span> <span class='ocrx_word' id='word_1_159' title='bbox 764 2830 866 2882; x_wconf 86' lang='lat' dir='ltr'>verus</span> <span class='ocrx_word' id='word_1_160' title='bbox 889 2805 957 2882; x_wconf 87' lang='lat' dir='ltr'>Dei</span> <span class='ocrx_word' id='word_1_161' title='bbox 983 2809 1098 2885; x_wconf 88' lang='lat' dir='ltr'>cultus</span> <span class='ocrx_word' id='word_1_162' title='bbox 1126 2804 1221 2901; x_wconf 89' lang='lat' dir='ltr'>apud</span> 
     </span>
    </p>

    <p class='ocr_par' dir='ltr' id='par_1_22' title="bbox 163 2902 1227 3001">
     <span class='ocr_line' id='line_1_22' title="bbox 163 2902 1227 3001; baseline -0.006 -18"><span class='ocrx_word' id='word_1_163' title='bbox 163 2926 309 2983; x_wconf 77' lang='lat' dir='ltr'>&#39;omnes</span> <span class='ocrx_word' id='word_1_164' title='bbox 330 2902 600 2985; x_wconf 81' lang='lat' dir='ltr'>conservaretur.</span> <span class='ocrx_word' id='word_1_165' title='bbox 628 2907 673 2982; x_wconf 87' lang='lat' dir='ltr'>Se</span> <span class='ocrx_word' id='word_1_166' title='bbox 692 2921 811 2982; x_wconf 85' lang='lat' dir='ltr'>autem</span> <span class='ocrx_word' id='word_1_167' title='bbox 832 2902 898 2981; x_wconf 87' lang='lat' dir='ltr'>esse</span> <span class='ocrx_word' id='word_1_168' title='bbox 918 2924 1074 3001; x_wconf 88' lang='lat' dir='ltr'>partem,</span> <span class='ocrx_word' id='word_1_169' title='bbox 1094 2905 1131 2980; x_wconf 79' lang='lat' dir='ltr'>dt</span> <span class='ocrx_word' id='word_1_170' title='bbox 1151 2903 1227 2978; x_wconf 77' lang='lat' dir='ltr'>lrae·</span> 
     </span>
    </p>

    <p class='ocr_par' dir='ltr' id='par_1_23' title="bbox 180 3001 1223 3103">
     <span class='ocr_line' id='line_1_23' title="bbox 180 3001 1223 3103; baseline -0.002 -23"><span class='ocrx_word' id='word_1_171' title='bbox 180 3005 363 3093; x_wconf 77' lang='lat' dir='ltr'>reditatem</span> <span class='ocrx_word' id='word_1_172' title='bbox 383 3001 586 3089; x_wconf 84' lang='lat' dir='ltr'>Levitarnm</span> <span class='ocrx_word' id='word_1_173' title='bbox 605 3003 787 3083; x_wconf 81' lang='lat' dir='ltr'>Dominus</span> <span class='ocrx_word' id='word_1_174' title='bbox 811 3008 881 3081; x_wconf 72' lang='lat' dir='ltr'>ait.</span> <span class='ocrx_word' id='word_1_175' title='bbox 901 3004 1002 3103; x_wconf 92' lang='lat' dir='ltr'>quod</span> <span class='ocrx_word' id='word_1_176' title='bbox 1025 3002 1223 3084; x_wconf 86' lang='lat' dir='ltr'>oblationes</span> 
     </span>
    </p>

    <p class='ocr_par' dir='ltr' id='par_1_24' title="bbox 179 3099 1446 3187">
     <span class='ocr_line' id='line_1_24' title="bbox 179 3099 1446 3187; baseline 0 -6"><span class='ocrx_word' id='word_1_177' title='bbox 179 3125 309 3187; x_wconf 81' lang='lat' dir='ltr'>omnes</span> <span class='ocrx_word' id='word_1_178' title='bbox 332 3099 418 3180; x_wconf 89' lang='lat' dir='ltr'>Deo</span> <span class='ocrx_word' id='word_1_179' title='bbox 443 3103 595 3181; x_wconf 80' lang='lat' dir='ltr'>sadiaein</span> <span class='ocrx_word' id='word_1_180' title='bbox 622 3129 746 3182; x_wconf 89' lang='lat' dir='ltr'>eorum</span> <span class='ocrx_word' id='word_1_181' title='bbox 769 3103 869 3182; x_wconf 85' lang='lat' dir='ltr'>usunr</span> <span class='ocrx_word' id='word_1_182' title='bbox 893 3105 1071 3181; x_wconf 88' lang='lat' dir='ltr'>cederent.</span> <span class='ocrx_word' id='word_1_183' title='bbox 1364 3180 1366 3185; x_wconf 84' lang='grc'>,</span> <span class='ocrx_word' id='word_1_184' title='bbox 1401 3154 1416 3181; x_wconf 65' lang='lat' dir='ltr'><em>a</em></span> <span class='ocrx_word' id='word_1_185' title='bbox 1443 3158 1446 3165; x_wconf 81' lang='lat'>·</span> 
     </span>
    </p>

    <p class='ocr_par' dir='ltr' id='par_1_25' title="bbox 230 3195 1431 3303">
     <span class='ocr_line' id='line_1_25' title="bbox 230 3195 1431 3303; baseline 0.002 -24"><span class='ocrx_word' id='word_1_186' title='bbox 230 3200 350 3295; x_wconf 86' lang='lat' dir='ltr'>Quod</span> <span class='ocrx_word' id='word_1_187' title='bbox 371 3217 489 3280; x_wconf 87' lang='lat' dir='ltr'>autem</span> <span class='ocrx_word' id='word_1_188' title='bbox 512 3201 643 3280; x_wconf 86' lang='lat' dir='ltr'>Levitae</span> <span class='ocrx_word' id='word_1_189' title='bbox 674 3196 895 3301; x_wconf 86' lang='lat' dir='ltr'>Clericoruru</span> <span class='ocrx_word' id='word_1_190' title='bbox 924 3205 1126 3282; x_wconf 87' lang='lat' dir='ltr'>nostrorum</span> <span class='ocrx_word' id='word_1_191' title='bbox 1147 3201 1227 3303; x_wconf 80' lang='lat' dir='ltr'>typi</span> <span class='ocrx_word' id='word_1_192' title='bbox 1282 3195 1431 3291; x_wconf 57' lang='grc' dir='ltr'>[ῼῦίὲ</span> 
     </span>
    </p>

    <p class='ocr_par' dir='ltr' id='par_1_26' title="bbox 180 3271 1426 3414">
     <span class='ocr_line' id='line_1_26' title="bbox 180 3271 1426 3414; baseline -0.004 -28"><span class='ocrx_word' id='word_1_193' title='bbox 180 3302 314 3386; x_wconf 79' lang='lat' dir='ltr'>suerint</span> <span class='ocrx_word' id='word_1_194' title='bbox 338 3357 348 3386; x_wconf 84' lang='lat'>‚</span> <span class='ocrx_word' id='word_1_195' title='bbox 366 3304 508 3400; x_wconf 81' lang='lat' dir='ltr'>egregie</span> <span class='ocrx_word' id='word_1_196' title='bbox 540 3303 729 3382; x_wconf 86' lang='lat' dir='ltr'>confirmat</span> <span class='ocrx_word' id='word_1_197' title='bbox 769 3309 801 3381; x_wconf 79' lang='lat' dir='ltr'>S.</span> <span class='ocrx_word' id='word_1_198' title='bbox 823 3309 1004 3398; x_wconf 77' lang='lat' dir='ltr'>cyprianus</span> <span class='ocrx_word' id='word_1_199' title='bbox 1038 3301 1144 3401; x_wconf 83' lang='lat' dir='ltr'>Epist·</span> <span class='ocrx_word' id='word_1_200' title='bbox 1164 3302 1222 3381; x_wconf 86' lang='lat'>66.</span> <span class='ocrx_word' id='word_1_201' title='bbox 1243 3271 1426 3414; x_wconf 48' lang='lat' dir='ltr'>¹⁰¹⁶?me</span> 
     </span>
    </p>

    <p class='ocr_par' dir='ltr' id='par_1_27' title="bbox 91 3370 1425 3598">
     <span class='ocr_line' id='line_1_27' title="bbox 182 3370 1425 3504; baseline -0.002 -27"><span class='ocrx_word' id='word_1_202' title='bbox 182 3458 240 3498; x_wconf 78' lang='lat'>„„</span> <span class='ocrx_word' id='word_1_203' title='bbox 269 3404 449 3501; x_wconf 81' lang='lat' dir='ltr'>Scriptum</span> <span class='ocrx_word' id='word_1_204' title='bbox 472 3402 521 3478; x_wconf 86' lang='lat' dir='ltr'>est</span> <span class='ocrx_word' id='word_1_205' title='bbox 542 3401 717 3500; x_wconf 81' lang='lat' dir='ltr'>(inquit)</span> <span class='ocrx_word' id='word_1_206' title='bbox 741 3407 854 3475; x_wconf 83' lang='lat' dir='ltr'>Nemo</span> <span class='ocrx_word' id='word_1_207' title='bbox 876 3406 1023 3476; x_wconf 76' lang='lat' dir='ltr'>militans</span> <span class='ocrx_word' id='word_1_208' title='bbox 1049 3410 1123 3477; x_wconf 85' lang='lat' dir='ltr'>Deo</span> <span class='ocrx_word' id='word_1_209' title='bbox 1147 3399 1227 3475; x_wconf 78' lang='lat' dir='ltr'>alla·-</span> <span class='ocrx_word' id='word_1_210' title='bbox 1253 3370 1425 3504; x_wconf 60' lang='lat' dir='ltr'>{pfij</span> 
     </span>
     <span class='ocr_line' id='line_1_28' title="bbox 91 3500 1338 3598; baseline 0.004 -27"><span class='ocrx_word' id='word_1_211' title='bbox 91 3565 93 3571; x_wconf 90' lang='lat'>.</span> <span class='ocrx_word' id='word_1_212' title='bbox 176 3521 242 3598; x_wconf 72' lang='lat' dir='ltr'>gat</span> <span class='ocrx_word' id='word_1_213' title='bbox 263 3500 298 3589; x_wconf 79' lang='lat' dir='ltr'>se</span> <span class='ocrx_word' id='word_1_214' title='bbox 320 3503 460 3595; x_wconf 81' lang='lat' dir='ltr'>negotiis</span> <span class='ocrx_word' id='word_1_215' title='bbox 480 3501 706 3592; x_wconf 76' lang='lat' dir='ltr'>sacularibus,</span> <span class='ocrx_word' id='word_1_216' title='bbox 740 3523 778 3573; x_wconf 83' lang='lat' dir='ltr'>ur</span> <span class='ocrx_word' id='word_1_217' title='bbox 797 3502 892 3598; x_wconf 79' lang='lat' dir='ltr'>poffit</span> <span class='ocrx_word' id='word_1_218' title='bbox 909 3503 1038 3597; x_wconf 83' lang='lat' dir='ltr'>plaeere</span> <span class='ocrx_word' id='word_1_219' title='bbox 1060 3505 1093 3574; x_wconf 87' lang='lat' dir='ltr'>ri</span> <span class='ocrx_word' id='word_1_220' title='bbox 1105 3560 1116 3591; x_wconf 88' lang='lat'><strong>,</strong></span> <span class='ocrx_word' id='word_1_221' title='bbox 1132 3502 1228 3591; x_wconf 79' lang='lat' dir='ltr'>saise</span> <span class='ocrx_word' id='word_1_222' title='bbox 1258 3518 1285 3567; x_wconf 86' lang='lat' dir='ltr'>a.</span> <span class='ocrx_word' id='word_1_223' title='bbox 1307 3523 1338 3587; x_wconf 74' lang='lat'>4.</span> 
     </span>
    </p>

    <p class='ocr_par' dir='ltr' id='par_1_28' title="bbox 181 3597 1229 3704">
     <span class='ocr_line' id='line_1_29' title="bbox 181 3597 1229 3704; baseline 0.006 -32"><span class='ocrx_word' id='word_1_224' title='bbox 181 3597 352 3699; x_wconf 79' lang='lat' dir='ltr'>probauit.</span> <span class='ocrx_word' id='word_1_225' title='bbox 377 3599 491 3694; x_wconf 88' lang='lat' dir='ltr'>Quod</span> <span class='ocrx_word' id='word_1_226' title='bbox 504 3625 587 3679; x_wconf 83' lang='lat' dir='ltr'>cuna</span> <span class='ocrx_word' id='word_1_227' title='bbox 606 3603 650 3680; x_wconf 90' lang='lat' dir='ltr'>de</span> <span class='ocrx_word' id='word_1_228' title='bbox 671 3606 839 3680; x_wconf 79' lang='lat' dir='ltr'>omnibus</span> <span class='ocrx_word' id='word_1_229' title='bbox 860 3605 992 3680; x_wconf 79' lang='lat' dir='ltr'>disiunr</span> <span class='ocrx_word' id='word_1_230' title='bbox 1012 3601 1073 3689; x_wconf 86' lang='lat' dir='ltr'>lit,</span> <span class='ocrx_word' id='word_1_231' title='bbox 1091 3618 1229 3704; x_wconf 87' lang='lat' dir='ltr'>quanto</span> 
     </span>
    </p>

    <p class='ocr_par' dir='ltr' id='par_1_29' title="bbox 188 3700 1332 3800">
     <span class='ocr_line' id='line_1_30' title="bbox 188 3700 1332 3800; baseline 0 -22"><span class='ocrx_word' id='word_1_232' title='bbox 188 3705 303 3800; x_wconf 74' lang='lat' dir='ltr'>plagis</span> <span class='ocrx_word' id='word_1_233' title='bbox 327 3700 454 3783; x_wconf 87' lang='lat' dir='ltr'>Clerici</span> <span class='ocrx_word' id='word_1_234' title='bbox 480 3701 669 3790; x_wconf 82' lang='lat' dir='ltr'>molestiis,</span> <span class='ocrx_word' id='word_1_235' title='bbox 689 3704 726 3780; x_wconf 77' lang='lat' dir='ltr'>dc</span> <span class='ocrx_word' id='word_1_236' title='bbox 750 3702 883 3799; x_wconf 88' lang='lat' dir='ltr'>laqueis</span> <span class='ocrx_word' id='word_1_237' title='bbox 901 3704 1117 3780; x_wconf 83' lang='lat' dir='ltr'>saecularibus</span> <span class='ocrx_word' id='word_1_238' title='bbox 1140 3704 1234 3779; x_wconf 90' lang='lat' dir='ltr'>obli·</span> <span class='ocrx_word' id='word_1_239' title='bbox 1329 3734 1332 3739; x_wconf 95' lang='lat'>·</span> 
     </span>
    </p>

    <p class='ocr_par' dir='ltr' id='par_1_30' title="bbox 184 3799 1233 3902">
     <span class='ocr_line' id='line_1_31' title="bbox 184 3799 1233 3902; baseline 0.003 -27"><span class='ocrx_word' id='word_1_240' title='bbox 184 3807 261 3898; x_wconf 84' lang='lat' dir='ltr'>gari</span> <span class='ocrx_word' id='word_1_241' title='bbox 280 3801 357 3879; x_wconf 79' lang='lat' dir='ltr'>ison</span> <span class='ocrx_word' id='word_1_242' title='bbox 380 3799 535 3880; x_wconf 83' lang='lat' dir='ltr'>debent,</span> <span class='ocrx_word' id='word_1_243' title='bbox 560 3803 621 3898; x_wconf 88' lang='lat' dir='ltr'>qui</span> <span class='ocrx_word' id='word_1_244' title='bbox 642 3803 871 3902; x_wconf 82' lang='lat' dir='ltr'>spiritualibus</span> <span class='ocrx_word' id='word_1_245' title='bbox 891 3805 1077 3897; x_wconf 85' lang='lat' dir='ltr'>occupati,</span> <span class='ocrx_word' id='word_1_246' title='bbox 1099 3803 1143 3877; x_wconf 87' lang='lat' dir='ltr'>ab</span> <span class='ocrx_word' id='word_1_247' title='bbox 1166 3799 1233 3878; x_wconf 85' lang='lat' dir='ltr'>Ec·</span> 
     </span>
    </p>

    <p class='ocr_par' dir='ltr' id='par_1_31' title="bbox 184 3898 1338 3984">
     <span class='ocr_line' id='line_1_32' title="bbox 184 3898 1338 3984; baseline -0.002 -6"><span class='ocrx_word' id='word_1_248' title='bbox 184 3898 287 3979; x_wconf 82' lang='lat' dir='ltr'>clelia</span> <span class='ocrx_word' id='word_1_249' title='bbox 313 3899 499 3984; x_wconf 84' lang='lat' dir='ltr'>recedere,</span> <span class='ocrx_word' id='word_1_250' title='bbox 532 3901 569 3976; x_wconf 79' lang='lat' dir='ltr'>dt</span> <span class='ocrx_word' id='word_1_251' title='bbox 592 3901 635 3977; x_wconf 86' lang='lat' dir='ltr'>ad</span> <span class='ocrx_word' id='word_1_252' title='bbox 666 3921 853 3981; x_wconf 70' lang='lat' dir='ltr'>terrenos,</span> <span class='ocrx_word' id='word_1_253' title='bbox 877 3901 1106 3979; x_wconf 78' lang='lat' dir='ltr'>&amp;saculares</span> <span class='ocrx_word' id='word_1_254' title='bbox 1134 3902 1231 3984; x_wconf 81' lang='lat' dir='ltr'>aelus</span> <span class='ocrx_word' id='word_1_255' title='bbox 1333 3970 1338 3982; x_wconf 90' lang='grc'>,</span> 
     </span>
    </p>

    <p class='ocr_par' dir='ltr' id='par_1_32' title="bbox 187 3996 1235 4098">
     <span class='ocr_line' id='line_1_33' title="bbox 187 3996 1235 4098; baseline -0.001 -22"><span class='ocrx_word' id='word_1_256' title='bbox 187 4023 314 4089; x_wconf 83' lang='lat' dir='ltr'>vacare</span> <span class='ocrx_word' id='word_1_257' title='bbox 337 4023 412 4075; x_wconf 90' lang='lat' dir='ltr'>non</span> <span class='ocrx_word' id='word_1_258' title='bbox 449 3996 578 4077; x_wconf 86' lang='lat' dir='ltr'>olsunt.</span> <span class='ocrx_word' id='word_1_259' title='bbox 606 4000 714 4096; x_wconf 87' lang='lat' dir='ltr'>Cujus</span> <span class='ocrx_word' id='word_1_260' title='bbox 731 4001 997 4087; x_wconf 72' lang='lat' dir='ltr'>Ordinationis2</span> <span class='ocrx_word' id='word_1_261' title='bbox 1018 4005 1054 4076; x_wconf 84' lang='lat' dir='ltr'>dv</span> <span class='ocrx_word' id='word_1_262' title='bbox 1072 3999 1235 4098; x_wconf 81' lang='lat' dir='ltr'>Religio·</span> 
     </span>
    </p>

    <p class='ocr_par' dir='ltr' id='par_1_33' title="bbox 185 4023 1229 4197">
     <span class='ocr_line' id='line_1_34' title="bbox 185 4023 1229 4197; baseline 0.002 -20"><span class='ocrx_word' id='word_1_263' title='bbox 185 4103 242 4178; x_wconf 80' lang='lat' dir='ltr'>nie</span> <span class='ocrx_word' id='word_1_264' title='bbox 258 4100 409 4176; x_wconf 86' lang='lat' dir='ltr'>sormam</span> <span class='ocrx_word' id='word_1_265' title='bbox 423 4023 557 4177; x_wconf 56' lang='lat' dir='ltr'>{evitat</span> <span class='ocrx_word' id='word_1_266' title='bbox 575 4104 668 4197; x_wconf 85' lang='lat' dir='ltr'>prius</span> <span class='ocrx_word' id='word_1_267' title='bbox 692 4105 727 4176; x_wconf 91' lang='lat' dir='ltr'>in</span> <span class='ocrx_word' id='word_1_268' title='bbox 744 4099 841 4196; x_wconf 86' lang='lat' dir='ltr'>Lege</span> <span class='ocrx_word' id='word_1_269' title='bbox 858 4116 1068 4179; x_wconf 70' lang='lat' dir='ltr'>tenuerunt,</span> <span class='ocrx_word' id='word_1_270' title='bbox 1091 4116 1130 4178; x_wconf 95' lang='lat' dir='ltr'>ut</span> <span class='ocrx_word' id='word_1_271' title='bbox 1145 4122 1229 4179; x_wconf 80' lang='lat' dir='ltr'>cunt</span> 
     </span>
    </p>

    <p class='ocr_par' dir='ltr' id='par_1_34' title="bbox 185 4197 1231 4296">
     <span class='ocr_line' id='line_1_35' title="bbox 185 4197 1231 4296; baseline 0.001 -21"><span class='ocrx_word' id='word_1_272' title='bbox 185 4215 318 4281; x_wconf 86' lang='lat' dir='ltr'>terram</span> <span class='ocrx_word' id='word_1_273' title='bbox 343 4197 562 4279; x_wconf 87' lang='lat' dir='ltr'>dividerent,</span> <span class='ocrx_word' id='word_1_274' title='bbox 582 4203 617 4274; x_wconf 80' lang='lat' dir='ltr'>dr</span> <span class='ocrx_word' id='word_1_275' title='bbox 644 4197 865 4293; x_wconf 79' lang='lat' dir='ltr'>possessiones</span> <span class='ocrx_word' id='word_1_276' title='bbox 880 4205 1091 4296; x_wconf 85' lang='lat' dir='ltr'>partirentur</span> <span class='ocrx_word' id='word_1_277' title='bbox 1119 4199 1231 4277; x_wconf 90' lang='lat' dir='ltr'>unde·</span> 
     </span>
    </p>

    <p class='ocr_par' dir='ltr' id='par_1_35' title="bbox 186 4296 1229 4403">
     <span class='ocr_line' id='line_1_36' title="bbox 186 4296 1229 4403; baseline 0 -27"><span class='ocrx_word' id='word_1_278' title='bbox 186 4303 259 4376; x_wconf 84' lang='lat' dir='ltr'>cinr</span> <span class='ocrx_word' id='word_1_279' title='bbox 284 4296 433 4384; x_wconf 85' lang='lat' dir='ltr'>Tribus,</span> <span class='ocrx_word' id='word_1_280' title='bbox 453 4298 588 4377; x_wconf 85' lang='lat' dir='ltr'>levitica</span> <span class='ocrx_word' id='word_1_281' title='bbox 609 4297 737 4376; x_wconf 86' lang='lat' dir='ltr'>Tribus</span> <span class='ocrx_word' id='word_1_282' title='bbox 753 4358 762 4392; x_wconf 91' lang='lat'>‚</span> <span class='ocrx_word' id='word_1_283' title='bbox 777 4300 1027 4403; x_wconf 82' lang='lat' dir='ltr'>quaetemplo.</span> <span class='ocrx_word' id='word_1_284' title='bbox 1049 4303 1085 4375; x_wconf 86' lang='lat'>&amp;</span> <span class='ocrx_word' id='word_1_285' title='bbox 1106 4302 1229 4388; x_wconf 88' lang='lat' dir='ltr'>altari,</span> 
     </span>
    </p>

    <p class='ocr_par' dir='ltr' id='par_1_36' title="bbox 187 4397 1230 4493">
     <span class='ocr_line' id='line_1_37' title="bbox 187 4397 1230 4493; baseline 0.001 -17"><span class='ocrx_word' id='word_1_286' title='bbox 187 4403 225 4493; x_wconf 78' lang='lat' dir='ltr'>de</span> <span class='ocrx_word' id='word_1_287' title='bbox 251 4400 446 4477; x_wconf 81' lang='lat' dir='ltr'>ministeriis</span> <span class='ocrx_word' id='word_1_288' title='bbox 467 4397 598 4474; x_wconf 76' lang='lat' dir='ltr'>divinis</span> <span class='ocrx_word' id='word_1_289' title='bbox 613 4403 780 4483; x_wconf 86' lang='lat' dir='ltr'>vacabat,</span> <span class='ocrx_word' id='word_1_290' title='bbox 800 4400 887 4478; x_wconf 89' lang='lat' dir='ltr'>nihil</span> <span class='ocrx_word' id='word_1_291' title='bbox 911 4402 955 4474; x_wconf 91' lang='lat' dir='ltr'>de</span> <span class='ocrx_word' id='word_1_292' title='bbox 977 4400 1031 4474; x_wconf 89' lang='lat' dir='ltr'>illa</span> <span class='ocrx_word' id='word_1_293' title='bbox 1050 4399 1230 4477; x_wconf 81' lang='lat' dir='ltr'>divisionis</span> 
     </span>
    </p>

    <p class='ocr_par' dir='ltr' id='par_1_37' title="bbox 187 4500 1231 4597">
     <span class='ocr_line' id='line_1_38' title="bbox 187 4500 1231 4597; baseline 0.005 -23"><span class='ocrx_word' id='word_1_294' title='bbox 187 4503 361 4597; x_wconf 90' lang='lat' dir='ltr'>portione</span> <span class='ocrx_word' id='word_1_295' title='bbox 381 4501 598 4592; x_wconf 83' lang='lat' dir='ltr'>perciperet,</span> <span class='ocrx_word' id='word_1_296' title='bbox 614 4500 671 4576; x_wconf 90' lang='lat' dir='ltr'>sed</span> <span class='ocrx_word' id='word_1_297' title='bbox 690 4501 762 4577; x_wconf 86' lang='lat' dir='ltr'>allis</span> <span class='ocrx_word' id='word_1_298' title='bbox 783 4516 910 4575; x_wconf 85' lang='lat' dir='ltr'>terram</span> <span class='ocrx_word' id='word_1_299' title='bbox 933 4502 1115 4595; x_wconf 81' lang='lat' dir='ltr'>colentibu</span> <span class='ocrx_word' id='word_1_300' title='bbox 1146 4500 1231 4579; x_wconf 80' lang='lat' dir='ltr'>‚illa</span> 
     </span>
    </p>

    <p class='ocr_par' dir='ltr' id='par_1_38' title="bbox 187 4525 1236 4700">
     <span class='ocr_line' id='line_1_39' title="bbox 187 4525 1236 4700; baseline 0.003 -25"><span class='ocrx_word' id='word_1_301' title='bbox 187 4614 335 4675; x_wconf 81' lang='lat' dir='ltr'>tantuna</span> <span class='ocrx_word' id='word_1_302' title='bbox 352 4596 479 4675; x_wconf 86' lang='lat' dir='ltr'>Deum·</span> <span class='ocrx_word' id='word_1_303' title='bbox 499 4597 651 4692; x_wconf 82' lang='lat' dir='ltr'>coleret3</span> <span class='ocrx_word' id='word_1_304' title='bbox 669 4603 705 4677; x_wconf 88' lang='lat'>&amp;</span> <span class='ocrx_word' id='word_1_305' title='bbox 725 4600 768 4676; x_wconf 89' lang='lat' dir='ltr'>ad</span> <span class='ocrx_word' id='word_1_306' title='bbox 787 4599 941 4685; x_wconf 76' lang='lat' dir='ltr'>visioni,</span> <span class='ocrx_word' id='word_1_307' title='bbox 959 4616 1066 4700; x_wconf 88' lang='lat' dir='ltr'>atque</span> <span class='ocrx_word' id='word_1_308' title='bbox 1085 4525 1236 4677; x_wconf 54' lang='lat' dir='ltr'>offmen-</span> 
     </span>
    </p>
   </div>
   <div class='ocr_carea' id='block_1_3' title="bbox 187 4694 1237 4885">
    <p class='ocr_par' dir='ltr' id='par_1_39' title="bbox 187 4694 1237 4885">
     <span class='ocr_line' id='line_1_40' title="bbox 187 4694 1237 4885; baseline 0 -106"><span class='ocrx_word' id='word_1_309' title='bbox 187 4713 266 4779; x_wconf 72' lang='lat' dir='ltr'>sum</span> <span class='ocrx_word' id='word_1_310' title='bbox 284 4699 330 4776; x_wconf 83' lang='lat' dir='ltr'>ab</span> <span class='ocrx_word' id='word_1_311' title='bbox 353 4694 722 4817; x_wconf 74' lang='lat' dir='ltr'>undecim‚Trlbubus</span> <span class='ocrx_word' id='word_1_312' title='bbox 749 4700 794 4788; x_wconf 79' lang='lat' dir='ltr'>de</span> <span class='ocrx_word' id='word_1_313' title='bbox 817 4699 1004 4820; x_wconf 74' lang='lat' dir='ltr'>leudibus,</span> <span class='ocrx_word' id='word_1_314' title='bbox 1026 4701 1237 4885; x_wconf 59' lang='lat' dir='ltr'>postuasce·</span> 
     </span>
     <span class='ocr_line' id='line_1_41' title="bbox 304 4822 1180 4885; baseline 0.006 -8"><span class='ocrx_word' id='word_1_315' title='bbox 304 4854 311 4877; x_wconf 82' lang='grc'>,</span> <span class='ocrx_word' id='word_1_316' title='bbox 1051 4823 1094 4879; x_wconf 85' lang='lat' dir='ltr'>an</span> <span class='ocrx_word' id='word_1_317' title='bbox 1112 4822 1180 4885; x_wconf 74' lang='lat' dir='ltr'>ur,</span> 
     </span>
    </p>
   </div>
   <div class='ocr_carea' id='block_1_4' title="bbox 0 0 1631 5375">
    <p class='ocr_par' dir='ltr' id='par_1_40' title="bbox 0 0 1631 5375">
     <span class='ocr_line' id='line_1_42' title="bbox 0 0 1631 5375; baseline 0 0"><span class='ocrx_word' id='word_1_318' title='bbox 0 0 1631 5375; x_wconf 95' lang='lat' dir='ltr'> </span> 
     </span>
    </p>
   </div>
  </div>
 </body>
</html>
