3200 5375
353 419 356 426 ι

633 480 635 490 .
1300 483 1303 487 ,

346 669 416 761 De
445 651 715 760 sacramento
745 667 930 770 Ordinis.
1097 700 1190 780 -233

115 840 118 846 ’
141 842 291 925 labiliter
312 840 448 924 servata
469 843 515 918 ita
527 843 674 938 quilibet
692 842 864 923 Sacerdos
880 847 984 923 unius
996 849 1118 924 rrxotis
1138 851 1193 927 vlt

142 946 210 1025 eise
238 945 463 1040 praecipitur,
482 958 521 1018 ut
544 942 634 1020 illius
659 945 786 1022 summi
809 947 1008 1023 Sacerdotis
1029 951 1193 1046 preferre

140 1051 334 1142 imaginem
364 1040 523 1117 videatur
543 1097 564 1133 ,‚
580 1088 612 1133 ‚,.

158 1201 160 1206 -
193 1148 307 1223 tiliam
330 1145 507 1216 rationem
526 1141 688 1239 adjungit
706 1144 886 1240 angelicus
900 1143 1058 1222 Doslort
1075 1199 1129 1238 „„
1148 1141 1192 1226 ln

140 1246 205 1324 illis
237 1243 400 1337 (inquit)
427 1246 488 1337 qui
516 1247 696 1338 accipiunt
723 1246 1006 1322 'Sacramentum¹
1022 1246 1192 1329 Ordinis,

143 1353 298 1423 maxima
323 1341 540 1437 spiritualitas
560 1344 666 1420 debet
688 1366 875 1443 apparere3
896 1361 970 1421 tum
996 1350 1076 1442 quia
1095 1345 1194 1443 spiri·
1274 1410 1278 1416 .

141 1451 247 1524 tuaiia
267 1442 462 1518 ministrant
480 1496 490 1526 ‚
511 1440 640 1518 scilicet
658 1443 908 1522 Sacramenta,
929 1459 1005 1521 tum
1025 1449 1106 1542 quia
1126 1446 1194 1541 spi·
1501 1523 1505 1531 ,

143 1546 278 1622 ritualia
301 1545 460 1621 docent,
481 1542 515 1615 dt
539 1543 575 1616 in
597 1544 828 1639 lpiritualibus
847 1549 1016 1641 occupari
1030 1549 1194 1635 ¹debent;
1321 1616 1334 1623 -
1369 1576 1374 1606 ι

143 1647 239 1724 unde
269 1664 354 1718 cum
383 1640 668 1736 concupiscentia
697 1693 707 1726 ,
731 1665 922 1741 perquam
952 1660 1049 1722 totus
1075 1644 1193 1721 bomo

141 1768 226 1823 caro
249 1740 429 1825 efficitur,
449 1747 604 1817 maxime
635 1738 863 1837 spiritualitati
888 1760 1091 1843 repugnet,
1114 1768 1211 1821 non·

142 1846 248 1920 debet
275 1839 422 1940 aliquod
450 1839 590 1937 srgnum
623 1842 919 1941 concupiscentia
956 1848 1192 1941 permanentia

143 1947 249 2020 ineis
273 1962 465 2038 appareret
483 1940 584 2038 quod
608 1943 753 2035 quidem
768 1951 769 1955 ’
785 1946 821 2019 ἰη
850 1945 997 2040 bigamis
1021 1960 1192 2044 apparet,

145 2048 206 2144 qui
235 2066 306 2118 una
328 2063 451 2116 uxore·
462 2042 624 2118 contenti
648 2042 715 2118 eil'e
737 2042 867 2122 nolunt
893 2093 961 2136 „„„„

196 2141 344 2238 Triplex
363 2155 483 2215 autem
499 2140 666 2237 distingui
685 2143 772 2239 solet
792 2145 964 2241 bigamia,
983 2141 1111 2219 scilicet
1132 2166 1196 2220 ve·
1336 2215 1360 2241 λ

144 2266 205 2327 ra,
232 2245 525 2338 interpretativa,
552 2242 588 2316 dt
611 2242 895 2325 similitudinaria.
923 2242 1017 2320 Vera
1043 2245 1195 2339 bigamia
1248 2210 1397 2367 3³⁸²*ss

143 2343 193 2419 est
232 2343 501 2418 matrimonium
535 2364 620 2417 cunr
644 2344 779 2420 duabus
804 2344 976 2421 uxoribus
1010 2340 1196 2422 successive
1223 2312 1334 2379 quotup

142 2442 388 2523 contractum,
412 2441 781 2542 &consummatum
804 2442 873 2520 stre
897 2461 1001 2527 ante,
1025 2440 1095 2517 five
1113 2445 1195 2540 post
1279 2521 1281 2525 a

142 2538 360 2639 Baptismum
388 2544 466 2637 quis
492 2542 579 2616 illud
603 2548 848 2620 contraxerit,
869 2546 903 2618 dr
926 2542 1195 2621 consummave-

143 2647 189 2718 rit
230 2638 309 2718 Hos
333 2644 495 2736 bigamos
514 2645 558 2717 ab
582 2638 765 2721 Ordinum
790 2642 1030 2742 susceptione,
1054 2643 1196 2720 dccxc.

143 2745 290 2819 cutione
314 2746 423 2819 arceri
454 2745 592 2819 constat
623 2766 670 2820 ex
694 2762 771 2841 cap.
811 2749 912 2838 Super
933 2768 1002 2825 eo,
1033 2731 1114 2820 Ext.
1139 2753 1196 2816 De

145 2840 284 2936 bigamas
311 2865 372 2910 non
393 2844 592 2919 ordinandis.

196 2936 353 3037 Bigamia
373 2944 636 3041 interpretativa
660 2938 745 3028 est,
778 2959 850 3040 qm
868 2935 953 3037 jutis
989 2945 1199 3041 interpreta-
1267 2959 1284 2967 “·

142 3043 245 3120 tione
270 3037 441 3140 quispiam
472 3044 621 3120 habetur
643 3097 653 3129 ,
675 3057 715 3118 ut
740 3039 938 3141 Bigamus,
967 3059 1085 3118 tamen
1118 3058 1196 3119 non

144 3140 187 3218 fit
206 3166 286 3217 rete
309 3140 497 3240 Bigamus,
521 3148 655 3240 quippe
685 3146 747 3239 qui
773 3142 899 3220 multas
923 3143 1068 3236 quidem
1101 3165 1197 3218 uxo·

143 3265 197 3318 tes
214 3242 295 3327 ,sed
310 3267 383 3317 non
418 3264 514 3319 retas
537 3244 698 3320 habuerit
719 3295 729 3324 ,
749 3265 782 3318 v.
804 3259 862 3340 g,
890 3245 954 3339 qui
979 3242 1054 3318 duo
1076 3245 1197 3316 matri·

145 3346 267 3418 monia
288 3364 373 3417 cum
403 3344 664 3443 impedimento
700 3340 888 3417 dirimente
910 3343 1116 3426 contraxit,
1140 3335 1196 3418 rel
1278 3398 1285 3414 .

143 3439 264 3517 saltem
285 3445 447 3519 alterum·
473 3440 520 3520 Hi
539 3446 667 3540 pariter
694 3445 737 3517 ab
750 3439 931 3521 Ordinum
950 3443 1193 3539 susceptione,
1260 3474 1262 3479 ·

145 3543 419 3618 &executione
457 3543 729 3626 excluduntur,
758 3566 836 3639 cap.
873 3544 995 3634 Nuper
1026 3567 1045 3611 a
1076 3538 1197 3622 aubis,
1231 3520 1382 3629 sem

145 3641 247 3743 quod
266 3642 453 3713 innocentii
465 3645 533 3713 ΙΙΙ.
547 3639 768 3740 Responsum
789 3640 850 3720 est·
876 3636 993 3718 Extra.
1027 3645 1078 3712 De
1095 3644 1196 3734 Biga.
1212 3607 1400 3749 nqulff‘
1515 3718 1520 3738 ,ἵ

144 3765 209 3812 mer
233 3766 295 3812 aaa
313 3745 515 3817 ordinandis.
546 3742 627 3820 Nos
643 3759 762 3817 autem
787 3744 995 3834 (inquitlin
1011 3740 1078 3818 hac
1101 3763 1191 3836 quae-
1223 3760 1264 3822 lib
1294 3778 1321 3823 2.
1338 3728 1399 3825 [iel

146 3842 260 3918 stione
279 3843 391 3919 taliter
413 3841 666 3939 respondemus
689 3861 701 3922 t
739 3896 762 3932 ‚,
777 3897 799 3934 „
826 3840 941 3935 Quod
971 3865 1054 3918 cnm
1073 3839 1197 3935 ¹lrujus-
1211 3835 1336 3905 Beluae.
1365 3830 1368 3867 ³

143 3944 246 4018 modi
274 3940 419 4020 Clericis
441 3947 525 4042 ,qui
558 3946 792 4039 quantumin
816 3945 895 4040 ipsis
917 3941 1003 4026 suit,
1028 3939 1194 4016 secundas

144 4041 311 4118 mulieres
328 4044 388 4119 srbi
401 4042 705 4121 matrimonialiter
717 4042 1006 4136 coniunxerunt,
1020 4055 1193 4139 tanquam

146 4164 232 4218 cum
255 4140 406 4242 Bigamis
430 4167 506 4218 non
530 4143 631 4218 liceat
656 4140 840 4238 dispensari
864 4143 974 4220 ,licet
996 4145 1031 4214 in
1051 4140 1194 4215 veritate
1269 4160 1273 4170 ·

145 4239 285 4338 Bigami
311 4266 387 4318 non
409 4245 583 4327 exilitum
608 4263 681 4315 non
705 4256 854 4338 propter
878 4240 1055 4315 desedum
1073 4239 1196 4314 Sacra·

144 4348 281 4428 menti,
303 4342 360 4417 sed
385 4360 532 4439 propter
554 4339 716 4417 affetlurn
739 4342 970 4427 intentionis.
994 4358 1077 4416 cum
1107 4362 1195 4436 ope·

148 4464 188 4518 re
218 4443 402 4519 subsecuto
424 4491 492 4534 „,..

198 4541 467 4640 interpretative
489 4538 654 4638 Bigamus
683 4538 942 4639 est&ille,qui
963 4540 1100 4615 unicam
1114 4538 1194 4636 qui.

144 4632 229 4723 ilem
254 4667 409 4722 uxorem
434 4646 557 4733 duxit,
572 4641 630 4720 sed
651 4635 905 4722 Viduam,aut
930 4641 974 4716 ab
992 4638 1198 4716 aiteroeor.

973 4756 1141 4838 ruptam,
