3200 5375
437 766 522 847 552
623 735 783 835 Theol.
808 738 922 853 Dog.
946 740 988 830 ει
1010 733 1162 873 lilani
1182 722 1279 839 Lib.
1311 738 1373 839 ΙΙ.

286 988 301 999 ,,
432 917 593 1075 Hauc
617 909 790 1011 Regulam
822 910 929 990 tradit
959 910 1150 983 aram
1174 965 1187 996 ,
1212 906 1356 1009 Quodl.
1375 931 1410 1003 3·
1430 936 1493 1013 qu·

545 1033 599 1087 12·
618 1028 684 1092 art.
699 1031 733 1085 2.
752 1068 774 1104 „
786 1068 809 1105 ,‚
835 1010 877 1089 ln
892 1012 994 1090 onrnl
1014 1010 1139 1090 divino
1157 1006 1307 1097 officio,
1325 1013 1486 1108 (inques)

431 1111 506 1190 hoc
529 1111 579 1190 est
600 1135 818 1192 commune,
835 1111 937 1212 quod
959 1115 1113 1208 pertinet
1144 1110 1190 1187 ad
1216 1112 1362 1189 laudem
1386 1111 1456 1191 Dei
1469 1170 1482 1202 .

429 1212 468 1290 δι
497 1211 540 1289 ad
567 1209 772 1310 suffragium
800 1208 1074 1304 Fideliuna3sed
1110 1209 1341 1311 distinguitur
1374 1238 1486 1294 unum

429 1308 592 1391 officiunt
612 1315 656 1389 ab
677 1311 748 1388 alio
769 1311 966 1389 secundum
985 1306 1222 1389 direrfitatem
1247 1330 1484 1408 temporum.

429 1410 467 1489 aa
494 1412 672 1489 locorum·
696 1409 967 1490 Rationabiliter
996 1415 1091 1487 eninr
1119 1410 1320 1489 institutum
1354 1415 1427 1501 eil,
1447 1431 1486 1493 ut

268 1512 273 1519 ’
427 1510 667 1588 divsrdmode
688 1507 789 1589 Deus
808 1511 972 1589 laudetur
987 1509 1182 1589 secundum
1204 1517 1484 1607 congruentiam

330 1612 334 1623 ’
428 1623 661 1711 temporum,
678 1610 905 1690 delatorum.
937 1607 980 1690 Et
992 1611 1075 1687 ideo
1092 1608 1181 1688 licut
1197 1611 1234 1686 in
1247 1606 1380 1690 officiis
1397 1615 1487 1693 diri·

430 1712 485 1788 nis
512 1709 735 1789 exsolvendis
753 1695 970 1792 obseruanda
996 1710 1046 1787 est
1067 1714 1277 1810 congruitas
1305 1710 1382 1789 loci
1402 1768 1414 1800 ,
1439 1719 1485 1794 ita

430 1814 537 1887 etiam
558 1813 766 1910 congruitas
792 1814 996 1909 temporis;
1025 1833 1104 1910 qua
1129 1811 1275 1909 quidem
1307 1813 1484 1892 observari

430 1932 552 2087 ¹1:32?
554 1907 706 2089 ilia?
731 1909 1482 2111 att‘ilrlllitzztlililit?

429 2112 528 2189 torio
553 2111 713 2189 diceret:
736 2110 826 2200 Jarn
851 2112 935 2181 lacis
959 2129 1031 2179 ana
1059 2107 1184 2190 diem
1203 2111 1239 2184 da
1261 2113 1299 2185 in
1321 2128 1487 2211 tempore

428 2208 580 2307 paschali
609 2212 742 2288 diceret
768 2205 929 2288 officium
953 2206 1146 2287 dominica
1170 2206 1358 2304 Paffionis;
1382 2213 1482 2312 quod

427 2305 512 2385 ellel
538 2309 736 2389 absurdum.
765 2306 810 2386 Et
831 2310 914 2385 ideo
938 2333 1013 2385 non
1035 2312 1176 2387 ridetur
1195 2306 1263 2384 elle
1292 2312 1483 2409 injungen-

427 2407 518 2485 dum
542 2411 593 2494 ei,
622 2411 684 2510 qui
703 2406 823 2486 omilit
845 2408 962 2486 dicere
986 2408 1147 2487 divinum
1171 2404 1356 2497 officium.
1381 2413 1479 2511 quod

429 2503 536 2584 horas
551 2507 689 2587 casdem
703 2523 861 2607 repetat,
878 2508 934 2583 sed
961 2507 1091 2603 aliquid
1108 2509 1152 2584 ad
1169 2509 1327 2584 divinam
1342 2510 1480 2588 laudern

429 2612 628 2706 pertinens3
652 2625 737 2709 puta
756 2626 795 2686 ut
823 2610 915 2686 dicat
937 2607 1069 2703 septena
1087 2607 1262 2709 plainaos,
1290 2612 1348 2685 ael
1368 2636 1477 2688 ununs

428 2706 656 2809 psalterium,
677 2710 733 2788 vel
768 2709 900 2810 aliquid
922 2707 1072 2807 amplius
1109 2709 1305 2788 secundum
1336 2716 1477 2810 qualita-

428 2823 502 2883 tem
529 2810 643 2887 delicti
668 2866 737 2901 ‚‚,‚.

479 2906 579 2985 ldern
602 2908 792 2986 confirmat
814 2914 848 2980 S.
864 2912 1050 2982 Antoninus
1076 2907 1114 2986 Ρ.
1133 2924 1167 2985 2.
1194 2909 1246 2984 tit.
1259 2924 1296 2999 9.
1323 2928 1475 3006 capra.

429 3060 488 3100 ,‚‚,
516 3005 676 3103 Quando
696 3003 862 3102 (inquit)
887 3034 961 3084 non
981 3011 1066 3087 dicit
1089 3012 1295 3109 proprium,
1321 3015 1357 3086 dr
1382 3014 1477 3086 ordi·

431 3126 554 3183 natum
568 3106 727 3186 officium
750 3107 910 3185 Ecclesiae
928 3110 1022 3196 suae,
1049 3112 1102 3184 rel
1125 3108 1306 3203 religionis
1321 3110 1408 3195 suae,
1422 3110 1476 3185 led

432 3207 477 3282 erl
498 3208 667 3303 placitum
686 3210 772 3285 dicit
802 3233 900 3285 nunc
928 3234 1003 3287 uno
1028 3210 1170 3290 modo.
1190 3230 1287 3283 nunc
1321 3212 1415 3295 alio,
1440 3212 1475 3286 ds

431 3306 476 3382 de
499 3304 591 3383 Faria
616 3333 690 3384 non
714 3308 817 3384 facit»
839 3311 985 3409 quando
1014 3308 1171 3386 occurrit
1195 3360 1206 3388 .
1228 3308 1328 3384 causa
1353 3313 1476 3385 abbre-

430 3408 616 3493 viationis,
634 3407 692 3485 sed
709 3406 790 3484 facit
807 3408 853 3483 de
874 3409 1006 3485 Sandis
1021 3431 1033 3498 ;
1053 3407 1107 3483 rel
1122 3409 1227 3484 eriam
1240 3406 1362 3484 dicens
1395 3406 1475 3485 offi-

427 3508 524 3582 cium
547 3504 708 3585 Ecclesia
731 3505 917 3607 suae.quia
941 3532 1016 3584 non
1045 3507 1121 3584 vult
1147 3504 1305 3600 quarm
1333 3506 1474 3585 Brevia·

426 3609 542 3691 tium,
566 3608 652 3682 dicit
672 3630 779 3682 unam
813 3606 1059 3702 Antiphonam
1082 3656 1092 3689 ,
1115 3605 1170 3681 vel
1197 3607 1395 3701 capitulum
1421 3608 1472 3683 vel

326 3703 330 3712 '
426 3707 627 3781 orationem
649 3728 717 3803 pro
738 3704 827 3799 alia,
847 3730 923 3782 uon
947 3705 997 3784 est
1024 3704 1097 3784 hoc
1115 3702 1245 3801 abique
1271 3712 1374 3802 gravi
1391 3732 1472 3807 pec·

216 3876 378 4020 mal?
426 3822 612 3981 catlllrllilo
638 3908 756 4005 itaque
782 3904 826 3980 ab
849 3904 1038 3977 Alexandro
1054 3902 1133 3976 Vrl.
1162 3898 1338 3981 Pontifice
1362 3911 1471 3983 masi-

355 3995 366 4019 ’
424 4030 489 4084 mo
515 4008 605 4080 inter
631 4003 709 4081 alias
745 4005 843 4102 pravi
887 4005 1066 4098 dogmatis
1099 4002 1366 4098 l’ropolitiones
1396 4008 1469 4084 hac

422 4109 529 4185 etiam
556 4103 681 4179 ordine
706 4124 763 4195 34·
789 4105 951 4179 damnata
978 4106 1053 4182 est:
1076 4159 1096 4193 ‚,
1126 4099 1167 4176 ln
1187 4105 1246 4177 dle
1270 4104 1468 4185 Palmarunr

159 4157 219 4374 ἱ
427 4259 451 4300 ,
464 4208 613 4284 recitans
631 4200 789 4293 officium
806 4203 966 4306 paschata
988 4204 1152 4284 satisfacit
1173 4222 1359 4306 praecepto
1385 4263 1424 4303 „.

197 4422 211 4488 i
