3200 5375
335 545 339 564 l

1353 575 1356 589 r

270 749 283 764 ’
342 757 422 859 lle*
438 739 705 861 Sacramenta
732 727 920 866 i'lrdlnls.¹
1097 797 1175 878 roe

121 939 202 1059 'par
221 941 258 1021 dt
279 938 373 1018 ldem
394 939 536 1027 honor,
560 965 602 1018 ac
625 942 776 1038 dignitas
803 993 827 1028 ,ι
841 992 876 1029 o·
901 939 1025 1019 Parem
1058 943 1179 1043 itaque

137 1048 334 1140 dignitate,
350 1040 536 1127 &bonore
549 1040 723 1146 Episcopo
737 1043 982 1150 Presbyterum
1008 1042 1180 1137 asserere,

138 1142 275 1226 haeresis
286 1142 474 1239 ess,quam
488 1145 523 1214 in
536 1143 639 1218 Aetio
650 1140 798 1230 Ecclesia
811 1142 1183 1228 exlrortult,&dam‚
1263 1184 1266 1192 .

115 1267 119 1274 ·
139 1250 249 1326 navit.
266 1240 489 1319 lllamautem
503 1239 696 1317 stoliditatis
708 1242 859 1340 plenam,
870 1241 1183 1331 utrocatsenten·

91 1388 98 1400 =
140 1349 229 1423 tiam
251 1342 318 1418 bac
336 1341 472 1417 ratione
487 1339 609 1424 refellit
621 1341 655 1417 S·
669 1338 899 1438 Epiphanius:
920 1396 975 1433 ,,,,
990 1341 1183 1441 Episcopo·
1270 1346 1273 1354 ’

142 1469 223 1523 tum
242 1439 349 1520 Ordo
380 1442 423 1514 ad
444 1440 645 1533 gignendos
676 1441 788 1517 l'atres
817 1442 991 1539 prpcipue
1014 1444 1180 1542 pertinet.

141 1543 262 1638 Huius
283 1542 377 1625 eninr
392 1538 439 1614 est
455 1538 595 1616 Parrum
606 1542 641 1615 in
662 1535 808 1638 Ecclesia
823 1564 889 1640 pro
910 1541 1044 1641 agario.
1061 1539 1179 1635 Alter,

142 1668 228 1721 cum
241 1640 357 1718 Patres
379 1660 453 1713 non
477 1635 601 1733 polilt,
620 1639 710 1717 lilios
723 1638 880 1727 Ecclesrae
892 1563 1180 1737 Regeneraalonu

142 1744 285 1824 lotione
308 1738 497 1837 producltr
511 1761 585 1815 non
610 1738 881 1821 rametenses,
900 1757 961 1823 aut
977 1738 1180 1842 Magistros.

145 1844 306 1937 Quinam
326 1838 399 1913 lieri
423 1838 558 1935 potest,
576 1855 617 1915 ut
641 1842 674 1926 js
699 1837 943 1940 Presbyterum
964 1842 1179 1936 constituat.

144 1945 189 2021 ad
207 1961 315 2039 quem
329 1939 519 2025 creandum
539 1960 708 2028 manuum
728 1937 1086 2037 imponendarumlus
1102 1939 1181 2016 nul·

146 2043 224 2119 lum
256 2034 401 2112 lrabeati
427 2039 497 2112 Aut
516 2038 706 2134 quomodo
721 2036 905 2141 Presbyter
919 2036 1094 2137 Episcopo
1110 2037 1182 2125 dics

148 2139 266 2243 potest
278 2136 416 2233 aequalis
437 2191 491 2226 ‚‚‚,
512 2136 528 2211 s
549 2135 670 2244 ltaque
689 2143 695 2150 '
702 2142 755 2232 jus
780 2139 966 2224 ordinandi
997 2130 1185 2239 Presbyte-

150 2261 213 2315 toe
234 2232 502 2331 solitlspiscopis
523 2240 736 2320 convenire,
766 2262 840 2314 non
862 2261 947 2315 vero
973 2236 1187 2333 simplicibus

152 2337 389 2435 Presbytero,
406 2339 439 2411 S·
456 2332 655 2428 Epiphanius
676 2361 758 2414 cum
777 2334 925 2418 Ecclesia
951 2336 998 2416 sui
1018 2340 1190 2435 temporit

151 2438 342 2519 credebat,
362 2431 566 2530 dogmaque
576 2434 666 2513 istud
680 2459 848 2538 tanquam
864 2436 1089 2525 Catholicom
1102 2459 1194 2523 con«

152 2554 205 2616 tra
229 2538 365 2606 aeriani
378 2536 637 2627 propugnabat·
1000 2626 1002 2630 ¹
1124 2629 1130 2636 ,
1257 2544 1260 2549 ’

206 2634 392 2722 Errantes,
415 2633 631 2726 Eprplrarnunr
642 2632 875 2716 Alexandrina
889 2634 1099 2735 Synodurin
1113 2652 1203 2717 cuu-¹

155 2735 191 2829 'sa
228 2741 260 2815 S.
285 2730 456 2819 athanasi
474 2755 722 2831 congregata,
760 2739 793 2812 in
830 2735 979 2833 Epistola
1016 2735 1195 2843 Synodica
1249 2810 1261 2820 ,

167 2834 329 2927 ischyram
341 2832 583 2931 Presbyterum
599 2833 672 2912 nou
693 2830 789 2911 fuisse
811 2858 856 2909 ex
870 2858 913 2910 eo
935 2837 1061 2935 probat
1072 2854 1085 2914 ,·
1096 2829 1198 2932 quod

156 2934 344 3011 „reuecta
377 2933 559 3008 ordinatus
577 2929 681 3020 esset,
709 2937 768 3030 qui
794 2954 960 3018 nouerat
984 2931 1199 3030 Episcopus,

156 3032 215 3112 sed
239 3028 385 3129 simplex
401 3029 607 3132 Presbyter,
624 3031 785 3133 adeoque
805 3032 1010 3120 Sacerdotes
1036 3033 1200 3119 ordinare

163 3156 241 3210 non
260 3145 413 3230 poterat.
438 3132 606 3226 Agnoscit
622 3132 771 3228 proinde
795 3133 929 3208 laudata
955 3132 1120 3230 Synodus
1139 3153 1201 3204 or.

164 3233 310 3320 dinandi
331 3230 538 3325 potestatem
564 3229 686 3308 divino
709 3233 785 3326 jure
803 3229 882 3316 l'olis
910 3231 1086 3329 Episcopis
1110 3252 1201 3315 con-

163 3335 311 3425 tenire,
337 3353 437 3409 neca
458 3329 668 3428 Presbyterit
687 3329 880 3414 consectari
893 3327 998 3432 posse
1020 3347 1092 3417 tatu
1119 3325 1204 3434 Epi·

161 3431 313 3525 scopos,
341 3451 446 3525 quam
478 3427 714 3528 Presbyteros·
1260 3440 1263 3451 '

211 3528 459 3638 Quamobrem
472 3527 561 3603 sacra
572 3529 738 3628 Synodus
749 3525 956 3614 Tridentina
975 3521 1044 3609 sels.
1070 3546 1128 3612 23.
1142 3524 1204 3603 de·

94 3640 97 3645 '
164 3629 284 3705 clarat.
323 3683 378 3718 „„
411 3625 536 3702 Praeter
576 3634 721 3703 c'aeteros
761 3628 1006 3716 ecclesiasticos
1040 3629 1202 3721 gradus.

163 3727 380 3826 Episcopus,
400 3729 514 3825 quiin
530 3726 782 3817 Apostolorum
802 3727 923 3805 locum
947 3724 1206 3811 successerunt.

164 3832 210 3905 ad
242 3824 509 3903 Hremrchicum
541 3822 717 3902 Ordinem
748 3833 923 3922 praecipue
950 3824 1205 3925 pertinere3&

92 3940 99 3952 ·
161 3924 322 4024 positor,
359 3922 653 4020 scutrlpollolus
679 3925 1140 4010 ait,aSpiritul'arrtlo‚re
1168 3919 1352 4003 culm·
1392 3968 1404 3974 ··

165 4051 204 4100 re
225 4022 413 4101 Ecclesiam
432 4021 501 4100 Dei
517 4047 526 4100 ς
542 4026 670 4121 eosque
681 4020 892 4122 Presbyteris
908 4025 1098 4117 superiores
1113 3946 1201 4105 esser

165 4147 208 4200 ac
225 4123 492 4199 Sacramentum
511 4122 798 4200 Confirrnationis
818 4125 998 4209 conserte,
1021 4120 1205 4198 lllnristroe

162 4221 326 4300 Ecclelrae
342 4223 523 4314 ordinare3
538 4222 725 4313 atquealia
746 4224 909 4317 pleraque
930 4246 1094 4320 peragere
1107 4221 1201 4319 iplot

164 4321 285 4423 polse3
302 4344 450 4418 quarum
473 4320 694 4397 sundionum
717 4321 923 4414 potestatem
961 4325 1086 4421 reliqui
1114 4321 1170 4397 ins
1188 4368 1205 4393 -

162 4426 265 4500 riorie
289 4418 435 4499 Ordinis
457 4420 587 4514 nullam
606 4420 736 4501 labent
758 4476 825 4510 ,.‚‚.

214 4523 261 4591 Ec
274 4527 354 4598 Can.
374 4543 409 4611 7.
433 4575 486 4610 „,‚
518 4521 552 4593 Si
572 4523 649 4618 quis
668 4522 795 4596 dixerit
812 4566 819 4592 ,
834 4517 1024 4617 Episcopus
1047 4542 1120 4595 non
1137 4517 1205 4596 elle

162 4618 375 4718 Presbytero
407 4618 629 4712 superlores3
656 4618 712 4692 vel
735 4642 807 4692 non
838 4619 964 4708 lrabere
992 4618 1202 4726 potestatem

163 4718 420 4807 confirmandi,
441 4720 477 4805 de
499 4716 708 4823 ordinandit
738 4718 791 4798 iel
813 4742 890 4805 earn
907 4744 1012 4832 quam
1040 4719 1200 4805 babent,

1078 4818 1178 4935 ills·
