3200 5375
1407 624 1412 644 l

324 728 332 750 '
439 711 526 809 'De
559 643 878 832 Indulgentiis.'¹
947 718 952 732 “
1157 735 1211 819 35
1268 848 1270 851 .

152 903 197 971 ut
214 886 373 968 Romam
397 890 563 970 euntibus
581 890 807 991 apostolicus
834 892 954 967 omnia
978 888 1040 966 libi
1065 901 1211 987 peccata

153 992 338 1069 dimlttat:
358 989 487 1067 Sautlo
511 993 622 1067 visum
647 995 696 1069 eli
717 990 908 1074 Concilio,
929 1008 971 1068 ut
993 990 1067 1066 talis
1090 985 1212 1063 lndul·

154 1095 277 1190 gentis
304 1089 368 1165 illis
399 1114 473 1167 non
496 1091 626 1187 prosit,
645 1090 702 1168 led
730 1095 824 1188 prius
848 1093 951 1187 juxta
975 1090 1127 1166 modum
1148 1086 1211 1162 de·
1337 1100 1344 1111 ‘

152 1192 225 1269 luti
252 1192 504 1287 poenitentiam
525 1191 585 1267 sibi
612 1192 729 1269 datam
757 1215 777 1268 a
796 1192 859 1270 luis
880 1190 1128 1268 Sacerdotibus
1149 1185 1209 1262 ad·

154 1291 354 1387 impleants
376 1291 412 1364 &
430 1306 517 1366 tuuc
533 1289 732 1369 Romamsi
755 1293 865 1394 velint
888 1296 936 1368 ire
949 1336 958 1365 ‚
973 1294 1017 1365 ab
1031 1288 1210 1385 Episcopo

157 1395 312 1491 proprio
351 1388 563 1469 licentiam,
588 1392 628 1482 ,St
663 1392 793 1468 litteras
825 1390 868 1468 ad
892 1390 1139 1491 Apollolicum
1162 1409 1211 1463 ex

156 1492 287 1580 eisdem
313 1491 416 1566 rebus
442 1490 646 1566 deferendas
668 1496 845 1592 accipiant
871 1503 946 1583 „2„.
1135 1559 1142 1572 ,
1303 1567 1306 1584 1

209 1587 307 1668 Hinc
332 1593 512 1683 Gregorius
529 1590 609 1660 Vll.
628 1589 867 1668 Lincolnienli
892 1588 1067 1693 Episcopo
1089 1583 1225 1665 indul*

158 1694 319 1787 gentiam
343 1692 554 1768 delitiosum
586 1696 728 1789 roganti
763 1716 802 1768 ea
828 1693 908 1788 lege
942 1687 1141 1770 concellita
1167 1700 1210 1761 ut

159 1793 411 1886 poenirentiam
436 1815 503 1881 pro
527 1794 812 1890 viribus‘ageret.
846 1849 868 1884 ,‚
885 1848 907 1884 „
939 1792 1208 1869 Absolutionem

159 1907 328 1983 praeterea
351 1908 581 1986 peccatorum
596 1901 747 1970 'tuorum
762 1896 923 1988 (inquis)
949 1891 1038 1970 ficut
1055 1889 1210 1985 rogaui,

158 1992 367 2070 auctoritate
387 1991 592 2088 Principum
626 1994 881 2093 Apostolorum
910 1994 1028 2071 Petri.
1056 1988 1210 2067 &Pauli

157 2090 261 2173 fulti,
284 2112 441 2188 quotum
467 2096 544 2167 uice
566 2096 725 2188 qualmvis
754 2094 892 2189 indigni
913 2094 1117 2189 fungimur,
1143 2090 1208 2165 tibi
1274 2112 1278 2119 ‘

158 2191 302 2266 mittere
323 2190 476 2289 dignum
503 2192 739 2282 duximustsi
766 2211 884 2268 tamen
910 2196 1013 2269 bonis
1039 2193 1208 2285 operibus

156 2291 368 2367 inhaerendo
382 2348 391 2376 ‚
407 2290 613 2370 commillos
629 2291 785 2371 excelsus
808 2294 1013 2392 plangendo
1033 2309 1208 2389 quantum

156 2390 308 2465 valueris
331 2396 524 2485 ‚corporis
557 2396 609 2472 tui
638 2397 880 2473 habitaculum
906 2392 992 2472 Deo
1030 2392 1209 2469 muudum

156 2492 336 2587 templum
363 2493 564 2570 exhibueris
594 2548 667 2587 slis·
845 2494 850 2501 ’
1282 2517 1285 2522 ’

210 2647 234 2683 ,,
256 2590 310 2673 Ex
334 2595 462 2684 quibus
495 2614 639 2692 apparet
662 2595 810 2694 (inquit
831 2592 1023 2671 Cardinalis
1047 2594 1212 2662 Batonius

159 2692 277 2789 „hec
302 2693 452 2768 referens
476 2695 519 2769 ad
541 2720 596 2770 an.
621 2716 721 2791 1073.
753 2720 852 2773 num.
879 2691 969 2787 71.)
997 2693 1095 2770 Sedis
1124 2716 1214 2789 apo·

159 2851 185 2887 „
200 2795 329 2870 ltolicae
355 2791 598 2890 indulgentias
628 2800 691 2873 illis
717 2796 975 2872 communicari
993 2849 1003 2880 ‚
1023 2797 1085 2891 qui
1102 2816 1215 2891 quan·

161 2950 187 2987 „
201 2912 277 2969 tunt
296 2894 488 2990 suppetunt
516 2897 623 2980 vires,
643 2900 734 2974 bene
756 2895 894 2990 operari
911 2919 984 2967 non
1006 2896 1216 2991 praetermit·

160 3050 184 3086 „
199 3010 303 3082 tunt3
318 3018 393 3068 non
415 3011 534 3071 autem
556 2999 715 3094 ignavis,
735 2992 878 3072 otiosis,
903 2997 1117 3092 negligentia
1139 3012 1219 3069 tor·

161 3149 185 3188 ,‚
200 3095 432 3192 pelcentibus.

211 3191 310 3272 Hinc
354 3195 534 3284 Gregorius
550 3193 649 3272 Vlll.
677 3219 760 3273 cum
803 3189 988 3270 Ecclesiam
1020 3187 1216 3270 Beneventi

158 3289 373 3375 dedicasset,
388 3296 435 3370 ait
456 3295 615 3392 populo:
644 3353 665 3387 ,‚
691 3294 817 3373 Tutius
832 3294 908 3377 est,
931 3314 971 3366 ut
994 3300 1100 3396 agatis
1133 3319 1215 3388 pno-

159 3450 184 3488 „
195 3397 381 3475 nitentiam
396 3451 406 3480 ,
424 3418 532 3492 quam
551 3397 604 3470 vel
616 3401 754 3496 tertiam
777 3410 911 3492 partem
924 3448 933 3477 ,
948 3393 1001 3466 vel
1017 3397 1214 3490 aliquotam

159 3549 185 3586 „
202 3495 303 3570 vobis
333 3498 510 3571 remittam
534 3545 568 3586 „·
592 3493 713 3573 Refert
735 3505 849 3565 Purus
878 3503 998 3560 c'aarar
1022 3493 1214 3570 Pariliensis
1273 3558 1285 3564 ..

112 3628 115 3635 ’
160 3595 200 3672 in
224 3594 371 3669 Summa
397 3601 434 3664 de
458 3601 698 3683 Sacramente's,
722 3609 764 3666 (a
790 3595 901 3687 arlp'mae
926 3591 1084 3680 (crusillis.

213 3691 321 3770 Hinc-
337 3699 370 3772 S.
388 3699 596 3783 Anioninm,
620 3712 651 3776 Ῐ,
674 3721 709 3791 βο
733 3700 786 3771 tlt·
810 3717 864 3769 10·
887 3715 964 3786 cap·
980 3714 1012 3782 3·
1033 3697 1064 3785 ς.
1083 3715 1115 3785 3·
1137 3699 1213 3778 alt:

161 3848 187 3887 „
203 3848 224 3884 „
254 3791 334 3869 Nec
348 3798 518 3881 creduut,
539 3799 638 3893 quod
659 3812 806 3895 propter
820 3794 880 3869 has
899 3793 1132 3893 indulgentias
1150 3822 1212 3894 ge·

159 3893 297 3970 nerales
317 3899 430 3973 minus
441 3912 598 3972 teneatur
613 3920 716 3990 agere
728 3897 976 3994 poenitentiam
992 3903 1026 3974 in
1042 3897 1106 3974 hac
1120 3903 1209 3990 vita3

161 3994 200 4067 ἀ
217 3993 349 4096 horum
377 3995 508 4071 dicium
529 3997 603 4072 latis
627 3998 765 4073 videtur
787 3995 1007 4074 concordare
1032 4001 1210 4097 aequitati,

160 4109 203 4170 ut
230 4110 334 4167 notat
369 4094 597 4173 innocentius
620 4144 692 4188 ,‚„·
1297 4113 1301 4123 “

214 4190 320 4272 Hanc
359 4192 530 4286 Regulam
570 4195 759 4275 confirmat
796 4195 989 4275 Cardinalis
1015 4198 1212 4287 cajetanus,
1267 4205 1384 4284 Quibus

160 4296 223 4392 qui
245 4291 337 4367 hanc
357 4297 401 4368 de
422 4294 918 4394 Indulgentiisquaestionem‚
943 4295 1100 4372 luthero
1123 4321 1207 4372 cou-
1243 4285 1374 4368 prorius,

159 4409 214 4467 tra
239 4391 479 4490 indulgentias
506 4399 792 4493 ptaedicante‚&
817 4400 1080 4496 scripturtmre,
1103 4422 1210 4494 quam
1238 4372 1378 4516 ζξὲῃὲξη

157 4492 413 4571 accuratiffime
445 4497 604 4573 tratlavit
623 4545 634 4579 ,
654 4495 771 4571 Traii-
792 4520 845 4573 10.
888 4505 940 4568 De
962 4495 1212 4590 lirlcrpiearrbus
1243 4512 1399 4591 Indulgen-

160 4593 386 4685 Jnlalgenrlas
405 4649 415 4681 ,
432 4619 494 4693 qu.
515 4620 546 4678 s.
573 4653 594 4688 „
618 4653 639 4687 ‚,
683 4597 774 4672 Sunt
818 4592 987 4694 (inquit)
1013 4595 1157 4674 coulclli
1178 4603 1216 4676 in
1246 4593 1302 4677 tias.
1479 4605 1481 4613 '

157 4697 271 4789 gratia
293 4693 447 4791 duplicis
465 4697 598 4774 ordinis
608 4698 782 4874 38uidam
805 4698 930 4782 loliciti
947 4699 992 4776 ad
1009 4701 1218 4874 latisgacien·

680 4815 701 4890 3
1116 4820 1180 4878 um
