<?xml version="1.0" encoding="UTF-8"?>
<!DOCTYPE html PUBLIC "-//W3C//DTD XHTML 1.0 Transitional//EN"
    "http://www.w3.org/TR/xhtml1/DTD/xhtml1-transitional.dtd">
<html xmlns="http://www.w3.org/1999/xhtml" xml:lang="en" lang="en">
 <head>
  <title>
</title>
<meta http-equiv="Content-Type" content="text/html;charset=utf-8" />
  <meta name='ocr-system' content='tesseract 3.04.00' />
  <meta name='ocr-capabilities' content='ocr_page ocr_carea ocr_par ocr_line ocrx_word'/>
</head>
<body>
  <div class='ocr_page' id='page_1' title='image "./theologiadogmat01alexgoog_0128.png"; bbox 0 0 3200 5375; ppageno 0'>
   <div class='ocr_carea' id='block_1_1' title="bbox 278 687 1220 805">
    <p class='ocr_par' dir='ltr' id='par_1_1' title="bbox 278 687 1220 805">
     <span class='ocr_line' id='line_1_1' title="bbox 278 687 1220 805; baseline 0.005 -18"><span class='ocrx_word' id='word_1_1' title='bbox 278 731 283 740; x_wconf 85' lang='lat'>·</span> <span class='ocrx_word' id='word_1_2' title='bbox 391 698 462 788; x_wconf 83' lang='lat' dir='ltr'><em>De</em></span> <span class='ocrx_word' id='word_1_3' title='bbox 491 697 762 788; x_wconf 79' lang='lat' dir='ltr'><em>sacramento</em></span> <span class='ocrx_word' id='word_1_4' title='bbox 791 687 977 793; x_wconf 74' lang='lat' dir='ltr'><em>Ordinis.</em></span> <span class='ocrx_word' id='word_1_5' title='bbox 1140 726 1220 805; x_wconf 78' lang='lat'><em>125</em></span> 
     </span>
    </p>
   </div>
   <div class='ocr_carea' id='block_1_2' title="bbox 92 865 1317 4845">
    <p class='ocr_par' dir='ltr' id='par_1_2' title="bbox 173 865 1220 971">
     <span class='ocr_line' id='line_1_2' title="bbox 173 865 1220 971; baseline -0.001 -19"><span class='ocrx_word' id='word_1_6' title='bbox 173 870 344 952; x_wconf 83' lang='lat' dir='ltr'><em>omnibur</em></span> <span class='ocrx_word' id='word_1_7' title='bbox 368 870 562 946; x_wconf 81' lang='lat' dir='ltr'><em>intimetur·</em></span> <span class='ocrx_word' id='word_1_8' title='bbox 588 865 695 946; x_wconf 87' lang='lat' dir='ltr'><em>Petro</em></span> <span class='ocrx_word' id='word_1_9' title='bbox 714 872 810 944; x_wconf 86' lang='lat' dir='ltr'><em>enim</em></span> <span class='ocrx_word' id='word_1_10' title='bbox 837 869 919 945; x_wconf 81' lang='lat' dir='ltr'><em>ideo</em></span> <span class='ocrx_word' id='word_1_11' title='bbox 942 866 1016 947; x_wconf 92' lang='lat' dir='ltr'><em>hoc</em></span> <span class='ocrx_word' id='word_1_12' title='bbox 1038 868 1220 971; x_wconf 81' lang='lat' dir='ltr'><em>lingulati·</em></span> 
     </span>
    </p>

    <p class='ocr_par' dir='ltr' id='par_1_3' title="bbox 140 966 1317 2170">
     <span class='ocr_line' id='line_1_3' title="bbox 140 966 1219 1067; baseline -0.001 -12"><span class='ocrx_word' id='word_1_13' title='bbox 140 1045 143 1056; x_wconf 92' lang='lat'>.</span> <span class='ocrx_word' id='word_1_14' title='bbox 170 991 224 1052; x_wconf 82' lang='lat' dir='ltr'><em>ter</em></span> <span class='ocrx_word' id='word_1_15' title='bbox 243 969 402 1050; x_wconf 85' lang='lat' dir='ltr'><em>creditur</em></span> <span class='ocrx_word' id='word_1_16' title='bbox 416 1024 427 1056; x_wconf 91' lang='lat'><strong>,</strong></span> <span class='ocrx_word' id='word_1_17' title='bbox 442 971 524 1067; x_wconf 84' lang='lat' dir='ltr'><em>quia</em></span> <span class='ocrx_word' id='word_1_18' title='bbox 554 970 689 1045; x_wconf 76' lang='lat' dir='ltr'><em>cuntiis</em></span> <span class='ocrx_word' id='word_1_19' title='bbox 710 966 872 1045; x_wconf 84' lang='lat' dir='ltr'><em>Eccleliae</em></span> <span class='ocrx_word' id='word_1_20' title='bbox 891 967 1102 1049; x_wconf 74' lang='lat' dir='ltr'><em>Retioribue</em></span> <span class='ocrx_word' id='word_1_21' title='bbox 1123 974 1219 1054; x_wconf 88' lang='lat' dir='ltr'><em>Petri</em></span> 
     </span>
     <span class='ocr_line' id='line_1_4' title="bbox 169 1067 1247 1170; baseline 0 -19"><span class='ocrx_word' id='word_1_22' title='bbox 169 1073 287 1151; x_wconf 82' lang='lat' dir='ltr'><em>forma</em></span> <span class='ocrx_word' id='word_1_23' title='bbox 308 1074 540 1168; x_wconf 74' lang='lat' dir='ltr'><em>proponitur.</em></span> <span class='ocrx_word' id='word_1_24' title='bbox 556 1068 697 1145; x_wconf 73' lang='lat' dir='ltr'><em>Mauri</em></span> <span class='ocrx_word' id='word_1_25' title='bbox 726 1090 814 1165; x_wconf 81' lang='lat' dir='ltr'><em>ergo</em></span> <span class='ocrx_word' id='word_1_26' title='bbox 847 1067 939 1146; x_wconf 86' lang='lat' dir='ltr'><em>Petri</em></span> <span class='ocrx_word' id='word_1_27' title='bbox 965 1072 1247 1170; x_wconf 83' lang='lat' dir='ltr'><em>privilegium„</em></span> 
     </span>
     <span class='ocr_line' id='line_1_5' title="bbox 168 1166 1221 1269; baseline -0.006 -17"><span class='ocrx_word' id='word_1_28' title='bbox 168 1177 389 1269; x_wconf 87' lang='lat' dir='ltr'><em>ubicumque</em></span> <span class='ocrx_word' id='word_1_29' title='bbox 424 1193 471 1245; x_wconf 85' lang='lat' dir='ltr'><em>ex</em></span> <span class='ocrx_word' id='word_1_30' title='bbox 492 1166 598 1268; x_wconf 79' lang='lat' dir='ltr'><em>ipliur</em></span> <span class='ocrx_word' id='word_1_31' title='bbox 624 1170 788 1266; x_wconf 85' lang='lat' dir='ltr'><em>aequitate</em></span> <span class='ocrx_word' id='word_1_32' title='bbox 819 1167 930 1246; x_wconf 84' lang='lat' dir='ltr'><em>fertur</em></span> <span class='ocrx_word' id='word_1_33' title='bbox 952 1170 1125 1265; x_wconf 85' lang='lat' dir='ltr'><em>judicium</em></span> <span class='ocrx_word' id='word_1_34' title='bbox 1146 1219 1221 1267; x_wconf 85' lang='lat'><em>„„.</em></span> 
     </span>
     <span class='ocr_line' id='line_1_6' title="bbox 167 1267 1218 1365; baseline -0.01 -13"><span class='ocrx_word' id='word_1_35' title='bbox 167 1270 214 1352; x_wconf 87' lang='lat' dir='ltr'><em>Et</em></span> <span class='ocrx_word' id='word_1_36' title='bbox 235 1293 327 1348; x_wconf 81' lang='lat' dir='ltr'><em>mox</em></span> <span class='ocrx_word' id='word_1_37' title='bbox 349 1292 537 1365; x_wconf 78' lang='lat' dir='ltr'>exponens</span> <span class='ocrx_word' id='word_1_38' title='bbox 559 1268 615 1344; x_wconf 82' lang='lat' dir='ltr'><em>illa</em></span> <span class='ocrx_word' id='word_1_39' title='bbox 636 1267 762 1345; x_wconf 81' lang='lat' dir='ltr'><em>Christi</em></span> <span class='ocrx_word' id='word_1_40' title='bbox 778 1271 895 1345; x_wconf 81' lang='lat' dir='ltr'><em>verba.</em></span> <span class='ocrx_word' id='word_1_41' title='bbox 920 1276 1030 1341; x_wconf 79' lang='lat' dir='ltr'><em>Simon</em></span> <span class='ocrx_word' id='word_1_42' title='bbox 1043 1321 1055 1359; x_wconf 82' lang='lat'><strong>,</strong></span> <span class='ocrx_word' id='word_1_43' title='bbox 1069 1294 1138 1343; x_wconf 86' lang='lat' dir='ltr'><em>ecce</em></span> <span class='ocrx_word' id='word_1_44' title='bbox 1156 1281 1218 1344; x_wconf 77' lang='lat' dir='ltr'><em>sc.</em></span> 
     </span>
     <span class='ocr_line' id='line_1_7' title="bbox 167 1365 1217 1468; baseline 0.002 -23"><span class='ocrx_word' id='word_1_45' title='bbox 167 1395 264 1446; x_wconf 65' lang='lat' dir='ltr'><em>tcum</em></span> <span class='ocrx_word' id='word_1_46' title='bbox 290 1375 457 1463; x_wconf 75' lang='lat' dir='ltr'><em>expetivit</em></span> <span class='ocrx_word' id='word_1_47' title='bbox 481 1392 540 1438; x_wconf 85' lang='lat' dir='ltr'><em>vos</em></span> <span class='ocrx_word' id='word_1_48' title='bbox 562 1423 573 1456; x_wconf 88' lang='lat'><strong>,</strong></span> <span class='ocrx_word' id='word_1_49' title='bbox 593 1384 632 1437; x_wconf 86' lang='lat' dir='ltr'><em>ut</em></span> <span class='ocrx_word' id='word_1_50' title='bbox 658 1368 821 1439; x_wconf 78' lang='lat' dir='ltr'><em>cribraret</em></span> <span class='ocrx_word' id='word_1_51' title='bbox 841 1365 924 1457; x_wconf 72' lang='lat' dir='ltr'><em>ficret</em></span> <span class='ocrx_word' id='word_1_52' title='bbox 954 1374 1115 1449; x_wconf 85' lang='lat' dir='ltr'><em>triticum.</em></span> <span class='ocrx_word' id='word_1_53' title='bbox 1145 1369 1217 1468; x_wconf 76' lang='lat' dir='ltr'><em>Ege</em></span> 
     </span>
     <span class='ocr_line' id='line_1_8' title="bbox 167 1463 1216 1563; baseline 0.004 -20"><span class='ocrx_word' id='word_1_54' title='bbox 167 1491 277 1544; x_wconf 81' lang='lat' dir='ltr'><em>cerem</em></span> <span class='ocrx_word' id='word_1_55' title='bbox 297 1471 416 1563; x_wconf 77' lang='lat' dir='ltr'><em>rogavi</em></span> <span class='ocrx_word' id='word_1_56' title='bbox 431 1489 492 1561; x_wconf 88' lang='lat' dir='ltr'><em>pru</em></span> <span class='ocrx_word' id='word_1_57' title='bbox 512 1486 574 1555; x_wconf 87' lang='lat' dir='ltr'><em>tc,</em></span> <span class='ocrx_word' id='word_1_58' title='bbox 594 1486 633 1538; x_wconf 88' lang='lat' dir='ltr'><em>rct</em></span> <span class='ocrx_word' id='word_1_59' title='bbox 656 1493 718 1539; x_wconf 88' lang='lat' dir='ltr'><em>trun</em></span> <span class='ocrx_word' id='word_1_60' title='bbox 745 1463 878 1553; x_wconf 82' lang='lat' dir='ltr'><em>deficiat</em></span> <span class='ocrx_word' id='word_1_61' title='bbox 897 1464 983 1556; x_wconf 79' lang='lat' dir='ltr'><em>fides</em></span> <span class='ocrx_word' id='word_1_62' title='bbox 1013 1492 1084 1543; x_wconf 59' lang='lat' dir='ltr'><em>ticet</em></span> <span class='ocrx_word' id='word_1_63' title='bbox 1109 1475 1155 1544; x_wconf 78' lang='lat' dir='ltr'><em>Et</em></span> <span class='ocrx_word' id='word_1_64' title='bbox 1175 1492 1216 1548; x_wconf 85' lang='lat' dir='ltr'><em>trc</em></span> 
     </span>
     <span class='ocr_line' id='line_1_9' title="bbox 167 1563 1216 1669; baseline -0.004 -25"><span class='ocrx_word' id='word_1_65' title='bbox 167 1572 342 1669; x_wconf 75' lang='lat' dir='ltr'><em>aliquando</em></span> <span class='ocrx_word' id='word_1_66' title='bbox 368 1569 539 1654; x_wconf 72' lang='lat' dir='ltr'><em>conversus</em></span> <span class='ocrx_word' id='word_1_67' title='bbox 564 1563 721 1656; x_wconf 79' lang='lat' dir='ltr'><em>confirma</em></span> <span class='ocrx_word' id='word_1_68' title='bbox 737 1564 864 1657; x_wconf 82' lang='lat' dir='ltr'><em>fratrer</em></span> <span class='ocrx_word' id='word_1_69' title='bbox 890 1590 963 1639; x_wconf 85' lang='lat' dir='ltr'><em>tuor</em></span> <span class='ocrx_word' id='word_1_70' title='bbox 974 1600 988 1651; x_wconf 89' lang='lat'><em>;</em></span> <span class='ocrx_word' id='word_1_71' title='bbox 1014 1574 1083 1649; x_wconf 67' lang='lat' dir='ltr'><em>iit:</em></span> <span class='ocrx_word' id='word_1_72' title='bbox 1102 1571 1216 1651; x_wconf 83' lang='lat' dir='ltr'><em>Com.</em></span> 
     </span>
     <span class='ocr_line' id='line_1_10' title="bbox 168 1664 1217 1765; baseline 0 -14"><span class='ocrx_word' id='word_1_73' title='bbox 168 1696 280 1751; x_wconf 82' lang='lat' dir='ltr'><em>cnunc</em></span> <span class='ocrx_word' id='word_1_74' title='bbox 304 1666 402 1747; x_wconf 81' lang='lat' dir='ltr'><em>iuiile</em></span> <span class='ocrx_word' id='word_1_75' title='bbox 423 1664 590 1748; x_wconf 82' lang='lat' dir='ltr'><em>oninibus</em></span> <span class='ocrx_word' id='word_1_76' title='bbox 616 1669 793 1765; x_wconf 78' lang='lat' dir='ltr'><em>Apostolis</em></span> <span class='ocrx_word' id='word_1_77' title='bbox 816 1670 1013 1765; x_wconf 88' lang='lat' dir='ltr'><em>periculum</em></span> <span class='ocrx_word' id='word_1_78' title='bbox 1041 1672 1085 1747; x_wconf 88' lang='lat' dir='ltr'><em>de</em></span> <span class='ocrx_word' id='word_1_79' title='bbox 1104 1688 1217 1751; x_wconf 81' lang='lat' dir='ltr'><em>tento·</em></span> 
     </span>
     <span class='ocr_line' id='line_1_11' title="bbox 168 1769 1219 1871; baseline 0.001 -21"><span class='ocrx_word' id='word_1_80' title='bbox 168 1777 270 1851; x_wconf 81' lang='lat' dir='ltr'><em>tione</em></span> <span class='ocrx_word' id='word_1_81' title='bbox 287 1769 509 1856; x_wconf 79' lang='lat' dir='ltr'><em>formidinis,</em></span> <span class='ocrx_word' id='word_1_82' title='bbox 532 1770 569 1845; x_wconf 71' lang='grc' dir='ltr'>ἀ</span> <span class='ocrx_word' id='word_1_83' title='bbox 593 1769 722 1846; x_wconf 80' lang='lat' dir='ltr'><em>divinae</em></span> <span class='ocrx_word' id='word_1_84' title='bbox 741 1770 970 1865; x_wconf 72' lang='lat' dir='ltr'><em>protectionis</em></span> <span class='ocrx_word' id='word_1_85' title='bbox 993 1772 1126 1848; x_wconf 81' lang='lat' dir='ltr'><em>auxilio</em></span> <span class='ocrx_word' id='word_1_86' title='bbox 1155 1798 1219 1871; x_wconf 79' lang='lat' dir='ltr'><em>pa-</em></span> 
     </span>
     <span class='ocr_line' id='line_1_12' title="bbox 166 1867 1229 1970; baseline -0.007 -19"><span class='ocrx_word' id='word_1_87' title='bbox 166 1876 251 1962; x_wconf 86' lang='lat' dir='ltr'><em>riter</em></span> <span class='ocrx_word' id='word_1_88' title='bbox 268 1867 476 1965; x_wconf 73' lang='lat' dir='ltr'><em>indiguisse,</em></span> <span class='ocrx_word' id='word_1_89' title='bbox 495 1867 666 1970; x_wconf 80' lang='lat' dir='ltr'><em>quoniim</em></span> <span class='ocrx_word' id='word_1_90' title='bbox 686 1869 849 1946; x_wconf 82' lang='lat' dir='ltr'><em>diabolus</em></span> <span class='ocrx_word' id='word_1_91' title='bbox 865 1890 992 1948; x_wconf 79' lang='lat' dir='ltr'><em>omnen</em></span> <span class='ocrx_word' id='word_1_92' title='bbox 1011 1875 1188 1968; x_wconf 80' lang='lat' dir='ltr'><em>exagitare</em></span> <span class='ocrx_word' id='word_1_93' title='bbox 1203 1917 1229 1958; x_wconf 84' lang='lat'><em>,.</em></span> 
     </span>
     <span class='ocr_line' id='line_1_13' title="bbox 169 1967 1317 2071; baseline -0.001 -22"><span class='ocrx_word' id='word_1_94' title='bbox 169 1994 297 2050; x_wconf 78' lang='lat' dir='ltr'><em>omnen</em></span> <span class='ocrx_word' id='word_1_95' title='bbox 308 1972 475 2068; x_wconf 82' lang='lat' dir='ltr'><em>cupiebat</em></span> <span class='ocrx_word' id='word_1_96' title='bbox 496 1970 646 2044; x_wconf 82' lang='lat' dir='ltr'><em>elidere:</em></span> <span class='ocrx_word' id='word_1_97' title='bbox 666 2026 688 2061; x_wconf 90' lang='lat'><strong>„</strong></span> <span class='ocrx_word' id='word_1_98' title='bbox 703 2023 725 2062; x_wconf 82' lang='lat'><em>,‚</em></span> <span class='ocrx_word' id='word_1_99' title='bbox 752 1967 796 2045; x_wconf 85' lang='lat' dir='ltr'><em>Et</em></span> <span class='ocrx_word' id='word_1_100' title='bbox 816 1979 934 2045; x_wconf 78' lang='lat' dir='ltr'><em>tannen</em></span> <span class='ocrx_word' id='word_1_101' title='bbox 956 1967 1119 2069; x_wconf 77' lang='lat' dir='ltr'><em>(inquit)</em></span> <span class='ocrx_word' id='word_1_102' title='bbox 1143 1972 1218 2071; x_wconf 84' lang='lat' dir='ltr'><em>spe·</em></span> <span class='ocrx_word' id='word_1_103' title='bbox 1315 2015 1317 2029; x_wconf 68' lang='lat'><strong>,</strong></span> 
     </span>
     <span class='ocr_line' id='line_1_14' title="bbox 170 2061 1219 2170; baseline -0.003 -20"><span class='ocrx_word' id='word_1_104' title='bbox 170 2069 267 2150; x_wconf 83' lang='lat' dir='ltr'><em>cleiis</em></span> <span class='ocrx_word' id='word_1_105' title='bbox 288 2093 308 2148; x_wconf 72' lang='lat' dir='ltr'>a</span> <span class='ocrx_word' id='word_1_106' title='bbox 329 2061 492 2146; x_wconf 88' lang='lat' dir='ltr'><em>Domino</em></span> <span class='ocrx_word' id='word_1_107' title='bbox 519 2067 614 2146; x_wconf 86' lang='lat' dir='ltr'><em>Petri</em></span> <span class='ocrx_word' id='word_1_108' title='bbox 636 2093 720 2146; x_wconf 81' lang='lat' dir='ltr'><em>cure</em></span> <span class='ocrx_word' id='word_1_109' title='bbox 748 2066 958 2165; x_wconf 85' lang='lat' dir='ltr'><em>suscipitur,</em></span> <span class='ocrx_word' id='word_1_110' title='bbox 995 2069 1120 2170; x_wconf 87' lang='lat' dir='ltr'><em>&amp;pro</em></span> <span class='ocrx_word' id='word_1_111' title='bbox 1146 2072 1219 2156; x_wconf 74' lang='lat' dir='ltr'><em>fido</em></span> 
     </span>
    </p>

    <p class='ocr_par' dir='ltr' id='par_1_4' title="bbox 92 2168 1292 2763">
     <span class='ocr_line' id='line_1_15' title="bbox 92 2168 1218 2269; baseline 0.002 -22"><span class='ocrx_word' id='word_1_112' title='bbox 92 2181 96 2192; x_wconf 89' lang='lat'>&#39;</span> <span class='ocrx_word' id='word_1_113' title='bbox 169 2175 270 2254; x_wconf 86' lang='lat' dir='ltr'><em>Petri</em></span> <span class='ocrx_word' id='word_1_114' title='bbox 297 2173 440 2269; x_wconf 83' lang='lat' dir='ltr'><em>proprie</em></span> <span class='ocrx_word' id='word_1_115' title='bbox 466 2168 680 2267; x_wconf 83' lang='lat' dir='ltr'><em>supplicatur</em></span> <span class='ocrx_word' id='word_1_116' title='bbox 701 2222 714 2256; x_wconf 90' lang='lat'>,</span> <span class='ocrx_word' id='word_1_117' title='bbox 737 2191 956 2266; x_wconf 78' lang='lat' dir='ltr'><em>quamquem</em></span> <span class='ocrx_word' id='word_1_118' title='bbox 980 2172 1129 2248; x_wconf 83' lang='lat' dir='ltr'><em>aliorum</em></span> <span class='ocrx_word' id='word_1_119' title='bbox 1150 2172 1218 2249; x_wconf 78' lang='lat' dir='ltr'><em>lla·</em></span> 
     </span>
     <span class='ocr_line' id='line_1_16' title="bbox 168 2264 1216 2368; baseline -0.001 -17"><span class='ocrx_word' id='word_1_120' title='bbox 168 2289 229 2360; x_wconf 75' lang='lat' dir='ltr'><em>tur</em></span> <span class='ocrx_word' id='word_1_121' title='bbox 246 2273 374 2348; x_wconf 80' lang='lat' dir='ltr'><em>certior</em></span> <span class='ocrx_word' id='word_1_122' title='bbox 394 2266 434 2344; x_wconf 84' lang='lat' dir='ltr'><em>irt</em></span> <span class='ocrx_word' id='word_1_123' title='bbox 455 2267 617 2355; x_wconf 81' lang='lat' dir='ltr'><em>futurus,</em></span> <span class='ocrx_word' id='word_1_124' title='bbox 640 2267 666 2344; x_wconf 88' lang='lat' dir='ltr'><em>sr</em></span> <span class='ocrx_word' id='word_1_125' title='bbox 699 2292 799 2343; x_wconf 85' lang='lat' dir='ltr'><em>mens</em></span> <span class='ocrx_word' id='word_1_126' title='bbox 824 2264 996 2368; x_wconf 84' lang='lat' dir='ltr'><em>Principis</em></span> <span class='ocrx_word' id='word_1_127' title='bbox 1026 2272 1112 2348; x_wconf 78' lang='lat' dir='ltr'><em>vitia</em></span> <span class='ocrx_word' id='word_1_128' title='bbox 1137 2294 1216 2351; x_wconf 91' lang='lat' dir='ltr'><em>non</em></span> 
     </span>
     <span class='ocr_line' id='line_1_17' title="bbox 165 2367 1217 2468; baseline -0.001 -18"><span class='ocrx_word' id='word_1_129' title='bbox 165 2372 284 2451; x_wconf 82' lang='lat' dir='ltr'><em>fuerit</em></span> <span class='ocrx_word' id='word_1_130' title='bbox 310 2368 351 2446; x_wconf 94' lang='lat' dir='ltr'><em>ln</em></span> <span class='ocrx_word' id='word_1_131' title='bbox 367 2367 474 2445; x_wconf 87' lang='lat' dir='ltr'><em>Petro</em></span> <span class='ocrx_word' id='word_1_132' title='bbox 488 2392 577 2468; x_wconf 87' lang='lat' dir='ltr'><em>ergo</em></span> <span class='ocrx_word' id='word_1_133' title='bbox 596 2371 765 2450; x_wconf 81' lang='lat' dir='ltr'><em>omniurn¹</em></span> <span class='ocrx_word' id='word_1_134' title='bbox 780 2367 958 2447; x_wconf 87' lang='lat' dir='ltr'><em>fortitudo</em></span> <span class='ocrx_word' id='word_1_135' title='bbox 977 2376 1157 2459; x_wconf 89' lang='lat' dir='ltr'><em>munitur,</em></span> <span class='ocrx_word' id='word_1_136' title='bbox 1177 2374 1217 2449; x_wconf 71' lang='lat' dir='ltr'><em>ie</em></span> 
     </span>
     <span class='ocr_line' id='line_1_18' title="bbox 170 2469 1292 2566; baseline -0.002 -17"><span class='ocrx_word' id='word_1_137' title='bbox 170 2475 301 2549; x_wconf 80' lang='lat' dir='ltr'><em>divinar</em></span> <span class='ocrx_word' id='word_1_138' title='bbox 323 2472 443 2566; x_wconf 73' lang='lat' dir='ltr'><em>gretiae</em></span> <span class='ocrx_word' id='word_1_139' title='bbox 472 2469 519 2545; x_wconf 84' lang='lat' dir='ltr'><em>ita</em></span> <span class='ocrx_word' id='word_1_140' title='bbox 544 2470 728 2546; x_wconf 83' lang='lat' dir='ltr'><em>ordinatur</em></span> <span class='ocrx_word' id='word_1_141' title='bbox 751 2469 924 2547; x_wconf 84' lang='lat' dir='ltr'><em>auxilium</em></span> <span class='ocrx_word' id='word_1_142' title='bbox 947 2521 958 2549; x_wconf 86' lang='lat'>‚</span> <span class='ocrx_word' id='word_1_143' title='bbox 981 2490 1021 2549; x_wconf 94' lang='lat' dir='ltr'><em>ut</em></span> <span class='ocrx_word' id='word_1_144' title='bbox 1046 2472 1218 2557; x_wconf 78' lang='lat' dir='ltr'><em>firmitas,</em></span> <span class='ocrx_word' id='word_1_145' title='bbox 1291 2542 1292 2546; x_wconf 14' lang='lat' dir='ltr'><em>r</em></span> 
     </span>
     <span class='ocr_line' id='line_1_19' title="bbox 167 2566 1219 2670; baseline 0.001 -22"><span class='ocrx_word' id='word_1_146' title='bbox 167 2595 250 2668; x_wconf 82' lang='lat' dir='ltr'><em>quae</em></span> <span class='ocrx_word' id='word_1_147' title='bbox 265 2594 325 2669; x_wconf 82' lang='lat' dir='ltr'><em>per</em></span> <span class='ocrx_word' id='word_1_148' title='bbox 345 2567 523 2647; x_wconf 82' lang='lat' dir='ltr'><em>Christum</em></span> <span class='ocrx_word' id='word_1_149' title='bbox 543 2566 649 2646; x_wconf 85' lang='lat' dir='ltr'><em>Petro</em></span> <span class='ocrx_word' id='word_1_150' title='bbox 668 2570 834 2646; x_wconf 79' lang='lat' dir='ltr'><em>tribuitur</em></span> <span class='ocrx_word' id='word_1_151' title='bbox 850 2608 861 2645; x_wconf 68' lang='grc' dir='ltr'><strong>ι</strong></span> <span class='ocrx_word' id='word_1_152' title='bbox 878 2593 941 2667; x_wconf 87' lang='lat' dir='ltr'><em>per</em></span> <span class='ocrx_word' id='word_1_153' title='bbox 953 2566 1098 2655; x_wconf 83' lang='lat' dir='ltr'><em>Petrum</em></span> <span class='ocrx_word' id='word_1_154' title='bbox 1119 2574 1219 2670; x_wconf 79' lang='lat' dir='ltr'><em>Apo-</em></span> 
     </span>
     <span class='ocr_line' id='line_1_20' title="bbox 168 2668 1175 2763; baseline -0.007 -13"><span class='ocrx_word' id='word_1_155' title='bbox 168 2672 267 2750; x_wconf 79' lang='lat' dir='ltr'><em>stolis</em></span> <span class='ocrx_word' id='word_1_156' title='bbox 289 2668 494 2749; x_wconf 82' lang='lat' dir='ltr'><em>conferatur</em></span> <span class='ocrx_word' id='word_1_157' title='bbox 513 2724 536 2760; x_wconf 80' lang='lat'>„</span> <span class='ocrx_word' id='word_1_158' title='bbox 549 2722 581 2760; x_wconf 78' lang='grc'><em>,,.</em></span> <span class='ocrx_word' id='word_1_159' title='bbox 1173 2758 1175 2763; x_wconf 23' lang='grc' dir='ltr'>Ι</span> 
     </span>
    </p>

    <p class='ocr_par' dir='ltr' id='par_1_5' title="bbox 166 2764 1247 3466">
     <span class='ocr_line' id='line_1_21' title="bbox 221 2764 1247 2861; baseline -0.002 -11"><span class='ocrx_word' id='word_1_160' title='bbox 221 2770 356 2850; x_wconf 84' lang='lat' dir='ltr'><em>Nititur</em></span> <span class='ocrx_word' id='word_1_161' title='bbox 379 2772 484 2846; x_wconf 82' lang='lat' dir='ltr'><em>etiem</em></span> <span class='ocrx_word' id='word_1_162' title='bbox 513 2764 684 2845; x_wconf 78' lang='lat' dir='ltr'><em>Primatus</em></span> <span class='ocrx_word' id='word_1_163' title='bbox 709 2766 743 2844; x_wconf 84' lang='lat' dir='ltr'><em>S.</em></span> <span class='ocrx_word' id='word_1_164' title='bbox 765 2765 884 2854; x_wconf 81' lang='lat' dir='ltr'><em>Petri,</em></span> <span class='ocrx_word' id='word_1_165' title='bbox 909 2769 945 2845; x_wconf 72' lang='grc' dir='ltr'><em>δι</em></span> <span class='ocrx_word' id='word_1_166' title='bbox 966 2766 1215 2849; x_wconf 83' lang='lat' dir='ltr'><em>Succeliorum</em></span> <span class='ocrx_word' id='word_1_167' title='bbox 1245 2856 1247 2861; x_wconf 56' lang='grc'><em>,</em></span> 
     </span>
     <span class='ocr_line' id='line_1_22' title="bbox 167 2863 1215 2971; baseline -0.004 -22"><span class='ocrx_word' id='word_1_168' title='bbox 167 2872 245 2971; x_wconf 82' lang='lat' dir='ltr'><em>ejus</em></span> <span class='ocrx_word' id='word_1_169' title='bbox 254 2892 487 2947; x_wconf 83' lang='lat' dir='ltr'><em>romanorum</em></span> <span class='ocrx_word' id='word_1_170' title='bbox 497 2863 809 2955; x_wconf 86' lang='lat' dir='ltr'><em>Pontificum‚illis</em></span> <span class='ocrx_word' id='word_1_171' title='bbox 819 2867 947 2948; x_wconf 83' lang='lat' dir='ltr'><em>Christi</em></span> <span class='ocrx_word' id='word_1_172' title='bbox 957 2868 1215 2969; x_wconf 85' lang='lat' dir='ltr'><em>verbis‚Joan·</em></span> 
     </span>
     <span class='ocr_line' id='line_1_23' title="bbox 166 2967 1215 3067; baseline -0.01 -18"><span class='ocrx_word' id='word_1_173' title='bbox 166 2978 224 3049; x_wconf 78' lang='lat' dir='ltr'><em>nis</em></span> <span class='ocrx_word' id='word_1_174' title='bbox 238 2992 297 3046; x_wconf 83' lang='lat'><em>21·</em></span> <span class='ocrx_word' id='word_1_175' title='bbox 319 2967 461 3046; x_wconf 81' lang='lat' dir='ltr'><em>Petrum</em></span> <span class='ocrx_word' id='word_1_176' title='bbox 476 2969 743 3067; x_wconf 80' lang='lat' dir='ltr'><em>compellantis:</em></span> <span class='ocrx_word' id='word_1_177' title='bbox 760 2968 855 3055; x_wconf 79' lang='lat' dir='ltr'><em>Pasce</em></span> <span class='ocrx_word' id='word_1_178' title='bbox 873 2992 972 3062; x_wconf 86' lang='lat' dir='ltr'><em>cgnor</em></span> <span class='ocrx_word' id='word_1_179' title='bbox 990 2969 1215 3060; x_wconf 79' lang='lat' dir='ltr'><em>meus,pa[cce</em></span> 
     </span>
     <span class='ocr_line' id='line_1_24' title="bbox 168 3067 1214 3157; baseline 0.001 -13"><span class='ocrx_word' id='word_1_180' title='bbox 168 3095 248 3144; x_wconf 81' lang='lat' dir='ltr'><em>ever</em></span> <span class='ocrx_word' id='word_1_181' title='bbox 266 3094 377 3148; x_wconf 76' lang='lat' dir='ltr'><em>mccc,-</em></span> <span class='ocrx_word' id='word_1_182' title='bbox 402 3069 437 3143; x_wconf 94' lang='lat' dir='ltr'><em>id</em></span> <span class='ocrx_word' id='word_1_183' title='bbox 464 3070 513 3144; x_wconf 81' lang='lat' dir='ltr'><em>eli</em></span> <span class='ocrx_word' id='word_1_184' title='bbox 534 3067 698 3145; x_wconf 83' lang='lat' dir='ltr'><em>Praelatos</em></span> <span class='ocrx_word' id='word_1_185' title='bbox 724 3084 877 3146; x_wconf 80' lang='lat' dir='ltr'><em>nratrunr</em></span> <span class='ocrx_word' id='word_1_186' title='bbox 898 3072 1021 3145; x_wconf 86' lang='lat' dir='ltr'><em>ovium</em></span> <span class='ocrx_word' id='word_1_187' title='bbox 1043 3072 1214 3157; x_wconf 85' lang='lat' dir='ltr'><em>nomine,</em></span> 
     </span>
     <span class='ocr_line' id='line_1_25' title="bbox 168 3162 1215 3267; baseline -0.003 -18"><span class='ocrx_word' id='word_1_188' title='bbox 168 3172 207 3249; x_wconf 71' lang='grc' dir='ltr'><strong>ἃ</strong></span> <span class='ocrx_word' id='word_1_189' title='bbox 227 3162 385 3248; x_wconf 86' lang='lat' dir='ltr'><em>subditos</em></span> <span class='ocrx_word' id='word_1_190' title='bbox 413 3171 560 3243; x_wconf 85' lang='lat' dir='ltr'><em>nomine</em></span> <span class='ocrx_word' id='word_1_191' title='bbox 578 3192 756 3265; x_wconf 82' lang='lat' dir='ltr'><em>agnorum</em></span> <span class='ocrx_word' id='word_1_192' title='bbox 782 3168 1022 3267; x_wconf 66' lang='lat' dir='ltr'><em>significarunt</em></span> <span class='ocrx_word' id='word_1_193' title='bbox 1048 3172 1215 3246; x_wconf 81' lang='lat' dir='ltr'><em>omniunt</em></span> 
     </span>
     <span class='ocr_line' id='line_1_26' title="bbox 169 3266 1218 3369; baseline -0.005 -21"><span class='ocrx_word' id='word_1_194' title='bbox 169 3273 280 3369; x_wconf 82' lang='lat' dir='ltr'><em>igitur</em></span> <span class='ocrx_word' id='word_1_195' title='bbox 300 3267 419 3347; x_wconf 83' lang='lat' dir='ltr'><em>Pallor</em></span> <span class='ocrx_word' id='word_1_196' title='bbox 438 3268 487 3344; x_wconf 84' lang='lat' dir='ltr'><em>cll</em></span> <span class='ocrx_word' id='word_1_197' title='bbox 510 3275 650 3349; x_wconf 72' lang='lat' dir='ltr'><em>Petrus,</em></span> <span class='ocrx_word' id='word_1_198' title='bbox 673 3268 815 3367; x_wconf 81' lang='lat' dir='ltr'><em>eiusque</em></span> <span class='ocrx_word' id='word_1_199' title='bbox 840 3266 1025 3347; x_wconf 80' lang='lat' dir='ltr'><em>Succelior</em></span> <span class='ocrx_word' id='word_1_200' title='bbox 1049 3267 1218 3345; x_wconf 71' lang='lat' dir='ltr'><em>Pontifex</em></span> 
     </span>
     <span class='ocr_line' id='line_1_27' title="bbox 174 3366 1216 3466; baseline -0.001 -20"><span class='ocrx_word' id='word_1_201' title='bbox 174 3393 373 3448; x_wconf 78' lang='lat' dir='ltr'><em>romanus,</em></span> <span class='ocrx_word' id='word_1_202' title='bbox 394 3371 474 3466; x_wconf 82' lang='lat' dir='ltr'><em>quia</em></span> <span class='ocrx_word' id='word_1_203' title='bbox 504 3382 631 3464; x_wconf 81' lang='lat' dir='ltr'><em>praeter</em></span> <span class='ocrx_word' id='word_1_204' title='bbox 659 3392 800 3466; x_wconf 83' lang='lat' dir='ltr'><em>agnos,</em></span> <span class='ocrx_word' id='word_1_205' title='bbox 825 3371 862 3446; x_wconf 77' lang='lat' dir='ltr'><em>ilc</em></span> <span class='ocrx_word' id='word_1_206' title='bbox 894 3393 980 3446; x_wconf 86' lang='lat' dir='ltr'><em>oves</em></span> <span class='ocrx_word' id='word_1_207' title='bbox 1002 3373 1036 3445; x_wconf 94' lang='lat' dir='ltr'><em>in</em></span> <span class='ocrx_word' id='word_1_208' title='bbox 1062 3366 1216 3447; x_wconf 78' lang='lat' dir='ltr'><em>Ecclesia</em></span> 
     </span>
    </p>

    <p class='ocr_par' dir='ltr' id='par_1_6' title="bbox 131 3464 1316 4777">
     <span class='ocr_line' id='line_1_28' title="bbox 131 3464 1218 3561; baseline 0.002 -18"><span class='ocrx_word' id='word_1_209' title='bbox 131 3516 139 3543; x_wconf 82' lang='lat'><em>.</em></span> <span class='ocrx_word' id='word_1_210' title='bbox 169 3470 260 3547; x_wconf 91' lang='lat' dir='ltr'><em>nihil</em></span> <span class='ocrx_word' id='word_1_211' title='bbox 282 3470 341 3545; x_wconf 85' lang='lat' dir='ltr'><em>est.</em></span> <span class='ocrx_word' id='word_1_212' title='bbox 368 3464 464 3544; x_wconf 86' lang='lat' dir='ltr'><em>Hinc</em></span> <span class='ocrx_word' id='word_1_213' title='bbox 480 3465 668 3546; x_wconf 84' lang='lat' dir='ltr'><em>Eccleliam</em></span> <span class='ocrx_word' id='word_1_214' title='bbox 688 3493 872 3545; x_wconf 78' lang='lat' dir='ltr'><em>romanam</em></span> <span class='ocrx_word' id='word_1_215' title='bbox 891 3526 913 3561; x_wconf 86' lang='lat'><em>,‚</em></span> <span class='ocrx_word' id='word_1_216' title='bbox 947 3467 1218 3554; x_wconf 81' lang='lat' dir='ltr'><em>Maximanr‚&amp;</em></span> 
     </span>
     <span class='ocr_line' id='line_1_29' title="bbox 168 3566 1219 3668; baseline -0.004 -21"><span class='ocrx_word' id='word_1_217' title='bbox 168 3566 479 3665; x_wconf 80' lang='lat' dir='ltr'><em>„antiquiffinranr</em></span> <span class='ocrx_word' id='word_1_218' title='bbox 502 3587 601 3638; x_wconf 74' lang='lat' dir='ltr'><em>vocat</em></span> <span class='ocrx_word' id='word_1_219' title='bbox 631 3574 665 3652; x_wconf 72' lang='lat' dir='ltr'><em>S,</em></span> <span class='ocrx_word' id='word_1_220' title='bbox 680 3572 819 3639; x_wconf 79' lang='lat' dir='ltr'><em>Irencus</em></span> <span class='ocrx_word' id='word_1_221' title='bbox 845 3569 911 3647; x_wconf 77' lang='lat' dir='ltr'><em>‚ad</em></span> <span class='ocrx_word' id='word_1_222' title='bbox 934 3593 1041 3668; x_wconf 85' lang='lat' dir='ltr'><em>quarn</em></span> <span class='ocrx_word' id='word_1_223' title='bbox 1070 3581 1219 3664; x_wconf 83' lang='lat' dir='ltr'><em>propter</em></span> 
     </span>
     <span class='ocr_line' id='line_1_30' title="bbox 168 3666 1218 3768; baseline -0.002 -23"><span class='ocrx_word' id='word_1_224' title='bbox 168 3672 447 3768; x_wconf 82' lang='lat' dir='ltr'><em>„potentiorem</em></span> <span class='ocrx_word' id='word_1_225' title='bbox 461 3667 752 3767; x_wconf 83' lang='lat' dir='ltr'><em>principalitatem</em></span> <span class='ocrx_word' id='word_1_226' title='bbox 765 3666 898 3746; x_wconf 80' lang='lat' dir='ltr'><em>necesse</em></span> <span class='ocrx_word' id='word_1_227' title='bbox 912 3672 958 3745; x_wconf 80' lang='lat' dir='ltr'><em>eli</em></span> <span class='ocrx_word' id='word_1_228' title='bbox 970 3693 1116 3744; x_wconf 78' lang='lat' dir='ltr'><em>omnent</em></span> <span class='ocrx_word' id='word_1_229' title='bbox 1129 3691 1218 3745; x_wconf 90' lang='lat' dir='ltr'><em>con·</em></span> 
     </span>
     <span class='ocr_line' id='line_1_31' title="bbox 168 3764 1222 3865; baseline -0.011 -18"><span class='ocrx_word' id='word_1_230' title='bbox 168 3774 325 3864; x_wconf 78' lang='lat' dir='ltr'><em>„venire</em></span> <span class='ocrx_word' id='word_1_231' title='bbox 343 3765 530 3844; x_wconf 81' lang='lat' dir='ltr'><em>Ecclefiarn</em></span> <span class='ocrx_word' id='word_1_232' title='bbox 547 3815 580 3860; x_wconf 85' lang='lat'><em>,‚·</em></span> <span class='ocrx_word' id='word_1_233' title='bbox 604 3764 702 3846; x_wconf 87' lang='lat' dir='ltr'><em>Hinc</em></span> <span class='ocrx_word' id='word_1_234' title='bbox 724 3792 892 3845; x_wconf 79' lang='lat' dir='ltr'><em>romanus</em></span> <span class='ocrx_word' id='word_1_235' title='bbox 914 3766 1107 3865; x_wconf 83' lang='lat' dir='ltr'><em>Episcopus</em></span> <span class='ocrx_word' id='word_1_236' title='bbox 1133 3776 1222 3836; x_wconf 80' lang='lat' dir='ltr'><em>Pon·</em></span> 
     </span>
     <span class='ocr_line' id='line_1_32' title="bbox 167 3867 1219 3963; baseline 0 -22"><span class='ocrx_word' id='word_1_237' title='bbox 167 3868 259 3960; x_wconf 80' lang='lat' dir='ltr'><em>trsex</em></span> <span class='ocrx_word' id='word_1_238' title='bbox 287 3873 473 3949; x_wconf 75' lang='lat' dir='ltr'><em>maximus,</em></span> <span class='ocrx_word' id='word_1_239' title='bbox 498 3867 669 3963; x_wconf 72' lang='lat' dir='ltr'><em>Episcopus</em></span> <span class='ocrx_word' id='word_1_240' title='bbox 694 3870 948 3959; x_wconf 67' lang='lat' dir='ltr'><em>Episcoporumr</em></span> <span class='ocrx_word' id='word_1_241' title='bbox 971 3869 1219 3963; x_wconf 69' lang='lat' dir='ltr'><em>jumvocuba·</em></span> 
     </span>
     <span class='ocr_line' id='line_1_33' title="bbox 169 3962 1219 4062; baseline -0.013 -13"><span class='ocrx_word' id='word_1_242' title='bbox 169 3988 231 4049; x_wconf 85' lang='lat' dir='ltr'><em>tur</em></span> <span class='ocrx_word' id='word_1_243' title='bbox 265 3962 463 4039; x_wconf 77' lang='lat' dir='ltr'><em>Tertulliani</em></span> <span class='ocrx_word' id='word_1_244' title='bbox 485 3985 587 4044; x_wconf 79' lang='lat' dir='ltr'><em>aetate</em></span> <span class='ocrx_word' id='word_1_245' title='bbox 607 4023 618 4054; x_wconf 86' lang='lat'>,</span> <span class='ocrx_word' id='word_1_246' title='bbox 637 3985 676 4044; x_wconf 93' lang='lat' dir='ltr'><em>ut</em></span> <span class='ocrx_word' id='word_1_247' title='bbox 693 3992 740 4043; x_wconf 84' lang='lat' dir='ltr'><em>ex</em></span> <span class='ocrx_word' id='word_1_248' title='bbox 774 3971 849 4062; x_wconf 77' lang='lat' dir='ltr'><em>ejus</em></span> <span class='ocrx_word' id='word_1_249' title='bbox 870 3963 962 4044; x_wconf 85' lang='lat' dir='ltr'><em>libro</em></span> <span class='ocrx_word' id='word_1_250' title='bbox 987 3973 1025 4037; x_wconf 80' lang='lat' dir='ltr'><em>de</em></span> <span class='ocrx_word' id='word_1_251' title='bbox 1052 3969 1219 4036; x_wconf 72' lang='lat' dir='ltr'><em>Pudicitia</em></span> 
     </span>
     <span class='ocr_line' id='line_1_34' title="bbox 168 4059 1217 4168; baseline -0.016 -20"><span class='ocrx_word' id='word_1_252' title='bbox 168 4070 362 4168; x_wconf 77' lang='lat' dir='ltr'><em>colligitur·</em></span> <span class='ocrx_word' id='word_1_253' title='bbox 389 4059 484 4144; x_wconf 90' lang='lat' dir='ltr'><em>Hinc</em></span> <span class='ocrx_word' id='word_1_254' title='bbox 505 4076 537 4137; x_wconf 81' lang='lat' dir='ltr'><em>S.</em></span> <span class='ocrx_word' id='word_1_255' title='bbox 552 4071 752 4160; x_wconf 83' lang='lat' dir='ltr'><em>Cyprianus,</em></span> <span class='ocrx_word' id='word_1_256' title='bbox 777 4067 879 4162; x_wconf 65' lang='lat' dir='ltr'><em>Epist.</em></span> <span class='ocrx_word' id='word_1_257' title='bbox 895 4085 952 4157; x_wconf 75' lang='lat'><em>55.</em></span> <span class='ocrx_word' id='word_1_258' title='bbox 983 4066 1027 4142; x_wconf 80' lang='lat' dir='ltr'><em>ad</em></span> <span class='ocrx_word' id='word_1_259' title='bbox 1049 4073 1081 4137; x_wconf 85' lang='lat' dir='ltr'><em>S.</em></span> <span class='ocrx_word' id='word_1_260' title='bbox 1096 4070 1217 4134; x_wconf 84' lang='lat' dir='ltr'><em>Corne.</em></span> 
     </span>
     <span class='ocr_line' id='line_1_35' title="bbox 170 4164 1221 4254; baseline -0.008 -13"><span class='ocrx_word' id='word_1_261' title='bbox 170 4170 253 4241; x_wconf 74' lang='lat' dir='ltr'><em>uuor</em></span> <span class='ocrx_word' id='word_1_262' title='bbox 270 4192 461 4244; x_wconf 80' lang='lat' dir='ltr'><em>romanum</em></span> <span class='ocrx_word' id='word_1_263' title='bbox 486 4164 716 4254; x_wconf 84' lang='lat' dir='ltr'><em>Pontificem,</em></span> <span class='ocrx_word' id='word_1_264' title='bbox 738 4166 783 4244; x_wconf 86' lang='lat' dir='ltr'><em>de</em></span> <span class='ocrx_word' id='word_1_265' title='bbox 805 4171 1006 4250; x_wconf 81' lang='lat' dir='ltr'><em>fortunato,</em></span> <span class='ocrx_word' id='word_1_266' title='bbox 1035 4167 1071 4240; x_wconf 70' lang='grc' dir='ltr'><em>δι</em></span> <span class='ocrx_word' id='word_1_267' title='bbox 1085 4165 1221 4251; x_wconf 61' lang='grc' dir='ltr'><em>Ὲείἱείβ</em></span> 
     </span>
     <span class='ocr_line' id='line_1_36' title="bbox 165 4260 1316 4365; baseline 0.004 -25"><span class='ocrx_word' id='word_1_268' title='bbox 165 4260 273 4362; x_wconf 68' lang='lat' dir='ltr'><em>limo,</em></span> <span class='ocrx_word' id='word_1_269' title='bbox 298 4268 436 4365; x_wconf 73' lang='lat' dir='ltr'><em>aliique</em></span> <span class='ocrx_word' id='word_1_270' title='bbox 460 4264 650 4352; x_wconf 81' lang='lat' dir='ltr'><em>haereticae,</em></span> <span class='ocrx_word' id='word_1_271' title='bbox 668 4270 703 4343; x_wconf 71' lang='grc' dir='ltr'><strong>ἃ</strong></span> <span class='ocrx_word' id='word_1_272' title='bbox 724 4266 946 4343; x_wconf 74' lang='lat' dir='ltr'><em>schismatica:</em></span> <span class='ocrx_word' id='word_1_273' title='bbox 967 4265 1125 4340; x_wconf 78' lang='lat' dir='ltr'><em>iotiionis</em></span> <span class='ocrx_word' id='word_1_274' title='bbox 1150 4264 1217 4340; x_wconf 91' lang='lat' dir='ltr'><em>ho·</em></span> <span class='ocrx_word' id='word_1_275' title='bbox 1313 4334 1316 4345; x_wconf 94' lang='lat'><em>.</em></span> 
     </span>
     <span class='ocr_line' id='line_1_37' title="bbox 170 4364 1218 4462; baseline -0.008 -15"><span class='ocrx_word' id='word_1_276' title='bbox 170 4374 326 4448; x_wconf 84' lang='lat' dir='ltr'><em>minibus</em></span> <span class='ocrx_word' id='word_1_277' title='bbox 351 4368 488 4443; x_wconf 77' lang='lat' dir='ltr'><em>terruit:</em></span> <span class='ocrx_word' id='word_1_278' title='bbox 507 4424 528 4458; x_wconf 86' lang='lat'><em>‚‚</em></span> <span class='ocrx_word' id='word_1_279' title='bbox 541 4423 564 4457; x_wconf 88' lang='lat'><em>,‚</em></span> <span class='ocrx_word' id='word_1_280' title='bbox 593 4367 922 4462; x_wconf 79' lang='lat' dir='ltr'><em>Pseudo-Episcopo</em></span> <span class='ocrx_word' id='word_1_281' title='bbox 938 4364 997 4440; x_wconf 88' lang='lat' dir='ltr'><em>libi</em></span> <span class='ocrx_word' id='word_1_282' title='bbox 1018 4369 1062 4442; x_wconf 82' lang='lat' dir='ltr'><em>ab&#39;</em></span> <span class='ocrx_word' id='word_1_283' title='bbox 1082 4365 1218 4441; x_wconf 80' lang='lat' dir='ltr'><em>haereti·</em></span> 
     </span>
     <span class='ocr_line' id='line_1_38' title="bbox 170 4463 1220 4562; baseline -0.008 -16"><span class='ocrx_word' id='word_1_284' title='bbox 170 4475 219 4549; x_wconf 83' lang='lat' dir='ltr'><em>cis</em></span> <span class='ocrx_word' id='word_1_285' title='bbox 244 4468 462 4549; x_wconf 86' lang='lat' dir='ltr'><em>constituto,</em></span> <span class='ocrx_word' id='word_1_286' title='bbox 488 4470 649 4562; x_wconf 78' lang='lat' dir='ltr'><em>navigare</em></span> <span class='ocrx_word' id='word_1_287' title='bbox 675 4467 830 4550; x_wconf 85' lang='lat' dir='ltr'><em>audent,</em></span> <span class='ocrx_word' id='word_1_288' title='bbox 854 4471 889 4541; x_wconf 71' lang='grc' dir='ltr'>ἃ</span> <span class='ocrx_word' id='word_1_289' title='bbox 910 4467 953 4539; x_wconf 84' lang='lat' dir='ltr'><em>nd</em></span> <span class='ocrx_word' id='word_1_290' title='bbox 975 4463 1063 4540; x_wconf 85' lang='lat' dir='ltr'><em>Petri</em></span> <span class='ocrx_word' id='word_1_291' title='bbox 1089 4465 1220 4540; x_wconf 59' lang='lat' dir='ltr'><em>carno</em></span> 
     </span>
     <span class='ocr_line' id='line_1_39' title="bbox 171 4564 1220 4664; baseline -0.011 -17"><span class='ocrx_word' id='word_1_292' title='bbox 171 4570 271 4647; x_wconf 77' lang='lat' dir='ltr'><em>elram</em></span> <span class='ocrx_word' id='word_1_293' title='bbox 288 4620 296 4643; x_wconf 76' lang='lat'>‚</span> <span class='ocrx_word' id='word_1_294' title='bbox 316 4586 423 4664; x_wconf 83' lang='lat' dir='ltr'><em>atque</em></span> <span class='ocrx_word' id='word_1_295' title='bbox 450 4570 492 4641; x_wconf 86' lang='lat' dir='ltr'><em>ad</em></span> <span class='ocrx_word' id='word_1_296' title='bbox 518 4564 703 4644; x_wconf 78' lang='lat' dir='ltr'><em>Ecclesium</em></span> <span class='ocrx_word' id='word_1_297' title='bbox 739 4567 996 4663; x_wconf 85' lang='lat' dir='ltr'><em>principalem,</em></span> <span class='ocrx_word' id='word_1_298' title='bbox 1022 4565 1116 4649; x_wconf 84' lang='lat' dir='ltr'><em>unde</em></span> <span class='ocrx_word' id='word_1_299' title='bbox 1143 4567 1220 4639; x_wconf 84' lang='lat' dir='ltr'><em>uni·</em></span> 
     </span>
     <span class='ocr_line' id='line_1_40' title="bbox 173 4665 1220 4777; baseline -0.011 -26"><span class='ocrx_word' id='word_1_300' title='bbox 173 4688 225 4751; x_wconf 75' lang='lat' dir='ltr'><em>ter</em></span> <span class='ocrx_word' id='word_1_301' title='bbox 244 4667 481 4750; x_wconf 78' lang='lat' dir='ltr'><em>Secerdutalir</em></span> <span class='ocrx_word' id='word_1_302' title='bbox 503 4687 627 4747; x_wconf 74' lang='lat' dir='ltr'><em>exorta</em></span> <span class='ocrx_word' id='word_1_303' title='bbox 647 4666 717 4757; x_wconf 83' lang='lat' dir='ltr'><em>eli.</em></span> <span class='ocrx_word' id='word_1_304' title='bbox 738 4690 758 4745; x_wconf 83' lang='lat' dir='ltr'>a</span> <span class='ocrx_word' id='word_1_305' title='bbox 778 4665 1017 4755; x_wconf 81' lang='lat' dir='ltr'><em>ichiluraticir,</em></span> <span class='ocrx_word' id='word_1_306' title='bbox 1044 4666 1078 4742; x_wconf 86' lang='lat'>&amp;</span> <span class='ocrx_word' id='word_1_307' title='bbox 1101 4665 1220 4777; x_wconf 71' lang='lat' dir='ltr'><em>prpl&#39;rr·</em></span> 
     </span>
    </p>

    <p class='ocr_par' dir='ltr' id='par_1_7' title="bbox 1118 4785 1172 4845">
     <span class='ocr_line' id='line_1_41' title="bbox 1118 4785 1172 4845; baseline 0.111 -7"><span class='ocrx_word' id='word_1_308' title='bbox 1118 4785 1172 4845; x_wconf 71' lang='lat' dir='ltr'><em>nrt</em></span> 
     </span>
    </p>
   </div>
   <div class='ocr_carea' id='block_1_3' title="bbox 0 0 1604 5375">
    <p class='ocr_par' dir='ltr' id='par_1_8' title="bbox 0 0 1604 5375">
     <span class='ocr_line' id='line_1_42' title="bbox 0 0 1604 5375; baseline 0 0"><span class='ocrx_word' id='word_1_309' title='bbox 0 0 1604 5375; x_wconf 95' lang='lat' dir='ltr'><em> </em></span> 
     </span>
    </p>
   </div>
  </div>
 </body>
</html>
