3200 5375
308 643 338 830 ς(
368 684 373 694 '¹
389 714 459 812 De
487 711 757 809 Sacramento
776 712 971 809 Ordinis.
1175 731 1225 825 ιι
1306 779 1309 788 .
1344 776 1348 783 -

165 983 168 988 Ι
227 881 378 966 Materia
407 882 627 972 Diaconator
647 886 697 964 est
719 911 844 964 manus
875 883 1057 985 impositio
1079 940 1091 972 ‚
1111 884 1229 963 forma
1247 890 1427 983 Ducentem

174 986 307 1074 Oratio
334 1008 506 1065 manuum
526 985 746 1087 impositioni
766 988 952 1083 adjuncta,
967 1004 1008 1064 ut
1019 986 1159 1072 constat
1179 999 1228 1063 'ex
1247 962 1427 1084 maternus&

173 1086 557 1185 ordinationum.
584 1083 621 1163 6.
646 1092 720 1157 Hor
745 1081 933 1165 floruerunt
956 1091 973 1172 (
993 1086 1137 1184 inquit)
1152 1105 1228 1157 eure
1245 1042 1350 1114 Bm·

175 1186 374 1284 conflatilem
397 1184 619 1278 Apollodorum
632 1238 639 1263 .
653 1189 696 1259 θ’
714 1206 846 1256 oranter
866 1184 1086 1280 imposuerunt
1100 1190 1228 1257 ciem.

174 1315 248 1365 nus.
279 1287 320 1365 Et
340 1311 386 1366 ex
400 1286 515 1364 Cone.
534 1284 656 1363 Carth·
680 1304 718 1381 4·
738 1308 817 1367 cau.
853 1306 890 1391 4.
921 1288 1023 1382 cujus
1045 1285 1123 1364 haec
1145 1285 1225 1365 sunt

175 1392 304 1470 uerba:
337 1444 360 1481 ,‚
387 1385 571 1464 Diaconos
602 1409 686 1470 cum
705 1387 929 1470 ordinatur,
962 1386 1053 1464 solue
1081 1386 1224 1482 Episco-

174 1548 198 1585 ‚‚
216 1514 304 1588 pus,
321 1491 380 1585 qui
395 1510 476 1562 eum
494 1485 692 1570 benedicit,
711 1510 857 1568 manum
882 1485 982 1586 super
1002 1506 1110 1583 capot
1131 1485 1222 1575 illiue

175 1646 199 1684 ,‚
219 1603 362 1685 ponat3
384 1589 463 1687 quia
486 1577 637 1684 nonlad
661 1586 908 1662 Sacerdotium
934 1642 945 1673 ,
969 1586 1026 1662 sed
1045 1587 1088 1662 ad
1112 1584 1224 1671 Mini-

160 1719 199 1783 ·,,
213 1690 355 1764 sterium
381 1684 604 1766 consecratur
626 1741 659 1777 „.
687 1685 768 1761 Sola
783 1710 954 1766 manuum
974 1684 1222 1778 impositione,
1261 1675 1427 1770 annotinis

175 1813 253 1866 non
280 1788 470 1865 traditione
490 1798 670 1863 certorum
682 1784 998 1862 instrumentorum
1019 1803 1107 1864 tunc
1125 1782 1223 1871 soille
1242 1756 1428 1894 Dffitss'st

175 1888 402 1966 consecratos
423 1882 637 1971 Diaconos,
659 1886 788 1980 probat
819 1886 1001 1965 evidenter
1022 1885 1151 1974 Canon
1175 1886 1223 1961 ie·
1242 1853 1386 1973 ffianuum

176 2011 312 2085 quens.
333 2008 409 2083 quo
436 1985 682 2063 subdiaconus
706 1985 861 2066 ordinari
888 1985 1024 2089 dicitur¹
1036 1986 1225 2063 traditione
1240 1983 1417 2075 inuoluat
1510 2021 1512 2026 ·

176 2086 317 2168 Patenae
339 2101 480 2169 vacum,
506 2085 547 2170 δι’
566 2082 693 2162 Calicis
719 2090 841 2168 vacuit
866 2086 968 2174 „Qun
992 2111 1104 2156 marrus
1124 2088 1228 2173 impn-
1245 2062 1412 2200 ffi‘lffl·

173 2185 325 2279 steininen
341 2209 403 2255 nnn
428 2187 575 2275 accipin
592 2207 639 2260 ex
659 2208 734 2283 quo
747 2204 847 2261 certo
870 2186 1071 2284 colligitur,
1089 2190 1124 2262 in
1154 2183 1227 2265 Or·
1244 2160 1259 2200 ¹
1297 2232 1331 2274 ns
1343 2149 1444 2284 :fisis

176 2286 439 2370 diffitionibus,
454 2306 533 2380 que
556 2308 618 2378 per
640 2308 763 2360 manue
788 2284 1055 2375 impositionem
1077 2285 1227 2374 fiebant,
1273 2286 1423 2375 vangelio5

161 2385 270 2465 -nulla
290 2386 522 2462 instrumenta
545 2379 644 2460 suilse
668 2385 803 2462 traditae
829 2384 869 2461 ld
900 2385 1117 2480 confirmant
1137 2390 1226 2464 anti·
1246 2386 1313 2458 {¹¹⁰²
1336 2378 1384 2434 “²
1415 2397 1430 2424 ⁴

174 2489 239 2582 qui
263 2485 345 2568 libri
375 2481 532 2564 Ritnalee
559 2498 829 2579 nongentorum
849 2499 1047 2573 annorum,
1075 2490 1137 2580 qui
1159 2504 1227 2566 rra·
1245 2463 1298 2535 ΠΨ

175 2587 321 2663 ditionis
351 2581 625 2681 Evangeliorum
662 2606 736 2665 non
761 2589 1002 2663 meminerunt
1028 2606 1040 2676 ;
1071 2591 1122 2665 uti
1158 2608 1228 2673 nec

176 2682 315 2765 Miilnle
352 2699 453 2761 retus
487 2680 706 2768 Francorum
735 2684 914 2764 edituma
947 2694 980 2763 Ρ.
1010 2683 1227 2778 Μαὸιιιοηίος

176 2807 247 2862 nec
268 2782 480 2868 Graecorum
503 2781 737 2880 Euchologin.
765 2782 866 2882 Quin
890 2785 928 2860 dc
954 2787 1141 2857 amalarius
1165 2787 1224 2865 lib,

175 2901 215 2964 2.
241 2888 299 2955 De
318 2880 439 2972 Officiis
469 2879 686 2969 ecclefiassicis
711 2905 788 2976 cap·
820 2886 934 2961 110&
962 2903 1017 2959 12¹
1048 2884 1227 2979 Evangelii
1267 2917 1281 2944 ·

175 2984 404 3069 traditionem
427 2984 471 3060 ab
494 2978 731 3064 Ordinatione
750 2981 900 3062 Diaconi
918 2984 1075 3060 excludit
1105 3040 1115 3070 ‚
1140 3006 1227 3070 cum

173 3082 222 3166 de
248 3081 428 3182 Evangelii
448 3083 606 3163 leiiioue
631 3083 788 3167 iacienda
807 3085 843 3163 in
877 3082 978 3173 llliffn
1005 3109 1024 3160 a
1056 3083 1227 3164 Diacono

176 3181 306 3263 scribit.
331 3239 390 3274 „‚,
417 3181 592 3259 Primaevo
622 3198 785 3276 tempore
816 3181 998 3269 Diaconos
1026 3208 1100 3270 non
1130 3182 1226 3281 lege·

158 3283 238 3364 -bat
266 3282 521 3381 Evangeliumt
543 3281 643 3383 quod
673 3282 836 3358 nondum
857 3299 928 3360 erat
949 3284 1139 3382 scriptum.¹
1154 3281 1226 3359 Sed

174 3380 367 3481 postquam
390 3384 558 3463 statutum
583 3383 631 3457 est
653 3405 672 3458 a
693 3380 851 3460 Patribus
882 3384 1004 3460 nostris
1028 3403 1069 3460 ut
1091 3382 1225 3461 iliaco·
1295 3444 1307 3457 ,
1340 3400 1343 3405 ·

174 3504 244 3559 nus
262 3483 397 3580 legeret
413 3481 672 3581 'Euangelium
699 3483 868 3561 statutum
882 3538 893 3569 ,
907 3501 946 3561 ot
969 3484 1006 3569 dic,
1030 3485 1225 3572 Subdiaco·

173 3605 244 3659 nus
267 3582 400 3680 legeret
422 3579 613 3679 Epistulam
640 3638 661 3672 „
675 3633 709 3674 ‚,.
806 3619 809 3626 ·
1017 3585 1020 3590 ‘
1357 3666 1360 3671 ¹

171 3743 174 3749 .
227 3678 315 3759 Non
341 3681 478 3781 semper
506 3686 614 3780 igitur
635 3681 783 3757 traditus
812 3681 861 3756 eil
880 3677 1248 3780 ὓίιιοοιιίειῖνιηςι·Ι

156 3779 309 3859 diorum
327 3781 447 3870 codex
479 3783 514 3856 in
541 3781 700 3878 ipsorum
719 3777 971 3864 Ordinatione.
998 3778 1146 3868 Accessit
1174 3800 1228 3859 ta·

171 3903 259 3966 meo
284 3903 331 3963 ex
350 3879 513 3966 Ecclesia
546 3880 764 3962 institutione
794 3879 838 3957 ad
873 3883 1024 3959 materne
1044 3883 1228 3976 integrita-

173 3999 251 4058 tem
276 3975 480 4069 huiuimodi
502 3980 644 4056 traditio
669 4028 680 4060 ‚
706 3983 742 4056 dc
769 3979 814 4064 ad
842 3981 1080 4077 integritatem
1103 3981 1229 4066 sorum

180 4079 379 4178 prescripta
404 4081 509 4161 verba
538 4081 576 4156 in
597 4102 751 4157 romano
766 4077 981 4162 Pontificali‚
1004 4083 1090 4156 durn
1113 4078 1234 4173 singu.

174 4179 202 4256 li
238 4181 370 4256 iactum
394 4180 571 4258 Codicem
588 4193 763 4281 tangunt:
783 4236 804 4270 „
840 4181 998 4278 Accipite
1018 4180 1230 4274 potestatem

177 4279 363 4376 „legendi
386 4279 616 4376 Evangelium
651 4283 685 4355 in
713 4276 862 4359 Ecclesia
887 4278 955 4355 Dei
988 4298 1059 4356 tum
1085 4301 1152 4376 pro
1177 4281 1230 4355 vi-

169 4435 193 4472 „
214 4382 285 4456 vis,
302 4402 409 4476 quam
423 4403 491 4476 pto
512 4378 703 4459 defundist
733 4380 772 4456 ln
795 4383 940 4456 nomine
964 4377 1115 4456 Domini
1136 4432 1171 4467 „.

228 4477 480 4577 Quorumdam
497 4482 534 4554 in
554 4476 674 4556 Galliis
696 4478 926 4562 Ecclesrarum
941 4481 1027 4554 olim
1040 4503 1118 4554 mos
1138 4479 1225 4564 fnit,

170 4598 212 4655 ut
242 4603 279 4653 in
305 4581 556 4661 Diaconorum
581 4575 820 4657 Ordinatione
840 4602 965 4667 uranus
984 4603 1110 4664 eorum
1135 4577 1228 4655 chria

160 4676 279 4758 -smate
307 4695 549 4781 ungerentur,
573 4696 615 4775 ut
641 4679 751 4759 docet
772 4682 1065 4778 bergononus
1089 4683 1126 4756 in
1148 4675 1230 4755 No·

662 4777 691 4863 F
715 4797 737 4880 3
1126 4781 1171 4857 tir
