3200 5375
144 751 150 762 ·
280 687 286 701 ⁸
371 717 441 809 De
468 715 739 808 sacramento
768 709 954 811 Ordinis.
1092 723 1206 828 „nl

155 894 352 994 scopotum
375 892 597 987 praecipuum
620 886 694 967 est,
712 887 860 983 cupiens
879 883 991 961 sanna
1013 879 1203 985 Synodm.

150 1019 227 1093 quo
247 993 465 1090 frequentius
489 986 594 1086 poffit
612 987 656 1063 ad
673 983 844 1063 Fidelium
866 982 1008 1062 salutem
1027 990 1202 1072 exerceri,

151 1093 321 1178 mandat,
339 1108 380 1169 ut
399 1096 434 1165 in
453 1087 601 1167 Ecclesia
623 1086 679 1165 sua
696 1084 758 1185 ipsi
777 1084 906 1183 perse,
925 1083 1021 1161 autsr
1044 1084 1203 1179 legitime

151 1197 316 1292 impediti
335 1190 488 1276 suerint,
507 1212 570 1286 per
591 1209 676 1263 eos.
698 1188 759 1285 qui
784 1184 1045 1262 Praedicationis
1069 1210 1200 1262 munus

149 1292 343 1385 assument3
364 1289 485 1366 inaliis
501 1306 621 1365 autem
642 1285 800 1364 Ecclesris
829 1308 891 1381 per
911 1283 1093 1362 Parochoc
1109 1333 1114 1358 =
1130 1284 1201 1363 srve

149 1398 187 1472 lis
212 1387 416 1489 impeditis,
443 1412 504 1486 per
526 1388 613 1480 alios
633 1390 677 1463 ab
706 1383 915 1481 Episcopo,
944 1385 1108 1484 impensis
1137 1409 1202 1463 eo·

148 1513 232 1572 rum
253 1495 341 1593 ,qui
367 1514 424 1566 ear
445 1488 603 1587 praestare
627 1502 817 1570 tenentur,
841 1485 897 1560 vel
920 1483 1033 1562 solent
1053 1541 1064 1573 ‚
1087 1484 1201 1579 depu-

149 1592 279 1671 tandos
306 1596 342 1668 iu
371 1589 523 1667 Ciuitate
540 1635 551 1667 2
568 1581 635 1666 'aut
654 1589 690 1661 in
718 1607 948 1685 quacumque
968 1602 1065 1683 parte
1095 1584 1201 1684 Dipa-

148 1692 234 1774 cesrs
261 1692 454 1769 censebunt
482 1689 676 1784 expedire,
702 1688 872 1762 omnibus
904 1685 1138 1770 Dominicis,
1162 1688 1200 1763 de

149 1792 366 1870 solemnibus
384 1791 507 1867 diebus
522 1787 649 1877 Festis3
670 1803 740 1862 tem
770 1808 834 1861 ore
851 1804 969 1863 autem
982 1788 1200 1881 ieiuniorum

149 1890 461 1988 Quadragesrmae,
482 1890 718 1965 &Adventus
740 1809 894 1962 luorum
920 1886 1084 1986 quotidie
1105 1938 1116 1966 ,
1140 1886 1198 1964 vel

146 1994 267 2069 saltent
289 1995 401 2067 tribus
425 1993 462 2065 in
483 1987 709 2066 hebdomada
729 1986 851 2062 diebus
874 2035 885 2069 ‚
912 1985 937 2062 sr
959 1992 1007 2064 ita
1027 2004 1197 2082 oportere

147 2090 462 2175 duxerint,sacras
485 2088 704 2189 Scripturas,
723 2088 952 2186 divinamque
967 2085 1111 2185 ,Legem
1135 2111 1198 2164 an·

147 2194 342 2278 nuntient3
366 2191 403 2265 &
422 2187 503 2264 alias
521 2187 817 2289 quotiescumque
834 2187 869 2263 id
884 2205 1093 2287 opportune
1120 2186 1196 2265 fieri

147 2289 248 2391 posse
270 2289 502 2386 judicaverint
523 2345 545 2381 ,‚
561 2332 597 2380 ‚,.
1274 2363 1281 2381 ,

199 2391 322 2468 Unum
347 2392 452 2464 etiam
471 2413 517 2466 ex
535 2386 719 2487 praecipuis
738 2383 902 2487 Episcopi
925 2391 1131 2469 muneribus
1143 2389 1193 2469 est
1210 2360 1384 2508 vllfilffifjss
1404 2445 1407 2449 ,

106 2572 107 2576 a
146 2486 1191 2590 Dioecefisvifitano‚quampetseipsos,auts11egrtime
1283 2526 1285 2530 ·
1343 2488 1353 2514 ⁹

147 2591 310 2688 impediti
333 2585 467 2666 suerint
492 2638 503 2673 ‚
532 2613 594 2688 per
625 2587 727 2664 suum
747 2588 951 2684 generalem
985 2587 1188 2682 Vicariurn,

147 2711 211 2770 aut
236 2689 465 2767 visitatorem
500 2745 510 2775 ‚
542 2690 705 2790 quolibet
736 2686 855 2764 saltem
886 2692 1030 2766 biennio
1068 2696 1189 2782 obire,

149 2792 402 2888 complereque
426 2789 575 2871 debent,
604 2789 627 2864 sr
651 2793 843 2885 quotannis
857 2791 906 2863 ob
921 2788 1094 2869 Dioecesrs
1116 2817 1193 2869 am.
1271 2850 1277 2867 ,

148 2892 361 2992 plitudinem
384 2889 505 2989 perfici
526 2914 599 2966 non
624 2886 749 2988 pollit,
767 2902 807 2964 ut
828 2888 987 2967 decernit
1013 2889 1105 2968 sacra
1124 2892 1194 2992 Sy·

147 2992 269 3068 nodus
292 2980 390 3069 Tuo.
405 2978 475 3066 sess·
492 3010 550 3086 24.
570 2994 623 3061 De
643 2986 795 3079 Reform.
817 3011 895 3085 cap.
920 3006 952 3081 3.
984 2987 1034 3067 Ut
1069 3008 1190 3072 autem

146 3094 316 3168 executio
328 3083 545 3169 Visrtatiouir
570 3089 692 3187 quoad
714 3112 774 3173 ea,
798 3111 878 3187 quae
905 3113 1048 3168 murum
1070 3117 1197 3170 emen·

146 3194 330 3286 dationem
352 3190 526 3288 spetlum,
543 3190 637 3267 nulla
659 3192 798 3265 ratione
819 3187 996 3286 suspendi,
1011 3193 1066 3270 vel
1088 3188 1208 3271 retae-fl

147 3292 223 3368 dari
247 3289 374 3390 poisrt,
393 3290 516 3366 eadem
548 3289 638 3366 sacra
661 3288 829 3386 Synodus
859 3313 935 3387 cap.
964 3306 1021 3368 10.
1042 3293 1190 3387 statuit,

147 3408 189 3470 ut
219 3446 278 3483 „‚
309 3389 473 3488 Episcopi
492 3393 528 3465 iu
552 3391 720 3467 omuibus
745 3393 812 3474 iis,
833 3413 913 3486 quae
936 3392 980 3467 ad
1015 3392 1197 3475 Visrtatio·

149 3515 255 3574 nem,
280 3514 323 3567 ac
344 3512 488 3565 morum
508 3489 764 3566 corredionem
783 3489 1002 3569 subditorum
1015 3492 1196 3593 iperiani,

147 3593 259 3688 jus&
279 3591 489 3687 potestatem
510 3590 686 3675 habeant,
717 3594 821 3665 etiam
853 3609 1021 3690 tauquam
1043 3596 1198 3690 Apollo.

147 3692 227 3767 licae
249 3689 335 3765 sedis
365 3689 525 3784 Deleguti
548 3747 557 3776 ,
580 3715 619 3767 ea
639 3689 824 3765 ordinandi
854 3743 863 3773 ‚
885 3693 1112 3773 moderandi,
1131 3723 1200 3794 pu·

148 3789 290 3866 nieudi·
315 3792 352 3864 dc
379 3790 578 3887 exequendi
605 3846 615 3877 ,
646 3792 746 3884 juxta
767 3790 957 3866 Canopum
980 3794 1193 3884 l'ansliones,

149 3913 232 3989 quae
259 3889 324 3965 illis
347 3913 391 3964 ex
417 3890 601 3985 prudentia
633 3892 710 3973 sua,
733 3914 800 3987 pro
825 3892 1044 3971 subditorum
1072 3921 1201 3972 emen··
1312 3939 1327 3950 ··

148 3993 297 4065 datione
320 4041 328 4064 .
351 4013 392 4064 ac
411 3989 584 4066 Dioecesrs
612 3989 678 4066 suae
702 3993 849 4066 utilitate
883 3989 1065 4070 necessaria
1094 3998 1198 4079 uide,

147 4091 295 4165 buntur.
321 4088 400 4164 Nec
421 4095 455 4163 in
477 4091 528 4164 his
550 4094 608 4167 ubi
628 4091 673 4164 de
702 4088 911 4166 Visrtatione
933 4143 941 4170 ‚
961 4113 1021 4168 aut
1048 4119 1194 4177 morum

149 4189 373 4265 corredione
395 4193 531 4285 agitur,
555 4190 744 4289 Exemptio
769 4239 779 4270 ‚
804 4209 863 4266 aut
894 4191 962 4267 ullu
994 4192 1193 4282 lumbino,

147 4288 375 4388 Appellatio,
397 4291 453 4365 scu
479 4292 619 4386 querela
646 4335 655 4366 2
680 4294 848 4367 etiamad
877 4291 990 4367 sedern
1017 4299 1196 4390 llpostoli·

148 4411 230 4467 cam
252 4389 457 4487 interposita
480 4394 757 4474 ,executionem
782 4415 908 4467 eorum
930 4448 940 4479 ,
964 4418 1043 4491 quae
1081 4402 1124 4474 ab
1160 4402 1200 4475 iir
1317 4474 1332 4491 ,

146 4490 338 4574 mandata,
365 4490 504 4566 decretu
521 4512 604 4575 ,aut
616 4493 770 4587 judicata
790 4493 932 4577 fuerint,
951 4520 1104 4596 quoquo
1119 4523 1201 4576 mo·
1256 4510 1259 4517 '

147 4589 202 4668 do
222 4591 416 4684 impediat,
448 4605 509 4669 aut
531 4592 715 4691 suspendat
736 4646 758 4684 „
771 4647 804 4685 „.

204 4786 306 4869 Tau.
327 4785 370 4869 V.
663 4787 703 4870 H
1068 4794 1163 4877 CA.
