3200 5375
359 692 431 806 De
457 690 726 786 sacramento
755 694 938 788 Ordinis,
978 753 980 758 -
1099 722 1180 804 109
1244 768 1248 775 .

138 864 340 962 colligitur,
358 876 437 941 tum
459 885 590 946 exeo,
612 864 712 963 quod
730 870 763 935 s.
776 866 966 955 Hieronym.
994 891 1097 946 norae
1124 894 1188 949 or·

135 967 326 1045 dlnistionis
347 987 423 1040 non
443 965 630 1040 meminitr
649 980 726 1040 tum
748 967 830 1064 quia
857 961 1044 1067 Presbyter
1063 973 1110 1046 ita
1126 970 1189 1047 fie-

136 1070 197 1145 bat
227 1062 426 1161 Episcopus
457 1062 628 1140 eleslione
661 1063 1045 1163 Conrptesbyterorunr
1065 1067 1184 1153 ,ficut
1244 1155 1247 1160 ,

136 1164 331 1272 milesrrel
361 1165 523 1241 tribunus
546 1161 650 1239 fiebat
670 1159 865 1261 imperator
882 1166 1188 1246 elesiionecom.
1305 1233 1309 1242 .

137 1265 375 1365 militouun13
400 1264 436 1339 dt
465 1260 651 1339 Diaconos
687 1264 879 1340 creabatur·
903 1267 1184 1346 Arcbrdiaconus

137 1364 459 1446 Condiaconorunr
484 1364 727 1439 nominatione
747 1388 758 1455 3
779 1366 907 1538 quipus
933 1368 968 1440 in
995 1361 1187 1444 creationi·v

138 1467 206 1544 bus
238 1467 325 1542 ritus
344 1462 430 1539 alius
446 1463 491 1538 ab
511 1462 681 1539 elesiione
701 1459 906 1541 necessarus
929 1489 1004 1541 non
1025 1486 1118 1554 erat,
1144 1482 1186 1546 ut

140 1563 194 1643 bis
223 1563 454 1658 dignitatibus
478 1561 688 1638 fruerentur.
1097 1589 1107 1600 ·
1250 1569 1252 1574 '

191 1659 460 1760 Respondetur,
479 1683 612 1738 noram
631 1658 765 1760 semper
783 1657 1058 1740 Ordlnationem
1076 1665 1187 1750 inter·

141 1760 270 1843 eeffiffe
292 1817 302 1847 ,
323 1784 399 1861 qua
415 1760 541 1837 elellur
569 1784 589 1837 a
618 1760 928 1860 compresbyteris
958 1768 1186 1861 inaugurare·

138 1877 199 1943 tur
220 1863 424 1962 Episcopus.
448 1859 562 1961 ldque
582 1861 932 1947 surennymassatir
950 1866 1085 1947 innuit,
1098 1888 1184 1942 curn

139 1962 351 2060 singularem
377 1961 421 2037 ad
446 1959 609 2057 quaedom
632 1954 753 2037 effesla
783 1961 991 2058 potestatem
1027 1964 1187 2060 agnoscit

140 2061 180 2139 in
211 2062 410 2161 Episcopis,
430 2083 510 2160 quar
532 2056 745 2161 Presbyteris
768 2084 844 2136 non
868 2064 1056 2138 conveniat
1073 2116 1084 2148 ,
1101 2062 1189 2139 scili·
1329 2121 1334 2130 .

141 2175 224 2245 cet,
244 2160 288 2235 ad
305 2161 410 2237 l'acras
424 2160 692 2242 Ordinationes,
717 2159 821 2256 Qr'd
836 2157 1038 2249 eumfacit,
1054 2180 1189 2257 excepte

94 2290 102 2305 ·
139 2262 376 2347 ordinatione,
395 2259 586 2355 Episcopus,
599 2267 681 2352 quod
698 2259 868 2351 Presbyter
884 2284 945 2331 noer
952 2262 1084 2350 farier?
1104 2266 1189 2353 (in.

141 2363 222 2460 quit
242 2357 340 2450 ille.)
366 2357 555 2444 Secundo,
574 2355 767 2459 Episcopos
792 2356 1013 2455 Apostolorum
1032 2359 1190 2452 Successo-

142 2486 195 2534 res
224 2460 358 2536 ibidem
385 2467 503 2538 rdcat.
527 2463 775 2557 Quamobrem
795 2461 883 2538 srcut
911 2457 1069 2558 Apostoli
1090 2462 1190 2558 supe·
1286 2532 1288 2538 .
1438 2513 1440 2518 ,

147 2562 258 2638 tiores
277 2575 375 2636 erant
401 2559 635 2660 Presbyteris,
651 2584 744 2657 quos
765 2561 1000 2647 ordinabant,
1021 2585 1096 2638 non
1122 2560 1191 2640 hu⁴

144 2685 250 2740 mana
272 2660 515 2761 institutione,
529 2660 585 2739 sed
605 2658 732 2738 Christi
749 2660 842 2757 ipsos
862 2683 946 2737 cum
972 2659 1105 2738 summa
1122 2684 1191 2761 po·

143 2762 268 2839 testate
297 2764 469 2857 mittentis
484 2805 497 2846 ‚
512 2759 628 2856 eisque
651 2759 811 2838 Ecclesiae
836 2759 903 2837 suae
927 2767 1187 2859 propagandas,

146 2862 187 2937 δι
212 2861 376 2957 tegendae
406 2864 624 2960 provinciam
654 2861 921 2951 demandanris3
952 2864 998 2935 ita
1029 2859 1191 2959 Episcopi
1275 2892 1293 2931 e

144 2962 222 3058 jure
241 2960 366 3038 divino
385 2960 578 3060 superiores
590 2958 670 3039 sunt
686 2960 909 3061 Presbytero·
934 2958 1083 3046 Tertio,
1098 2959 1191 3035 hanc

144 3060 192 3138 ad
209 3056 391 3153 colgrim
409 3060 598 3159 Epistulam
618 3067 649 3132 S·
660 3066 880 3152 Hieronymus
897 3056 950 3135 bis
971 3062 1083 3135 rerbis
1101 3081 1192 3134 con-

146 3158 259 3239 cludit
282 3182 292 3236 :
315 3216 338 3252 „
355 3215 378 3253 „
412 3158 484 3245 Et,
509 3180 549 3238 ur
568 3159 714 3237 sciamus
758 3160 963 3237 traditiones
982 3157 1191 3254 apostolicae

149 3259 306 3376 sumptus
328 3260 372 3334 de
389 3264 497 3336 reteri
519 3255 748 3337 Testamento
764 3282 775 3343 3
794 3257 894 3358 quod
916 3259 1056 3343 Aaron,
1075 3260 1110 3333 oe
1132 3255 1196 3334 filil

147 3376 395 3557 siiclssss
412 3356 626 3560 dissitis,
647 3355 1107 3537 l‘sllsilllllalll
1129 3356 1196 3533 ss}
1395 3532 1397 3537 ,

148 3558 252 3636 clefia
274 3607 347 3651 „„·
383 3557 525 3652 Qpibus
550 3560 661 3635 verbis
689 3557 882 3656 Episcopus
913 3580 995 3633 cum
1030 3557 1196 3642 barone,
1301 3642 1303 3647 Ι
1390 3618 1393 3625 ,

150 3654 384 3758 Presbyteros
394 3676 478 3736 com
488 3659 563 3736 filiis
576 3662 722 3734 Aaronis
733 3658 933 3756 componit.
950 3655 1070 3732 Nemo
1084 3678 1197 3753 porro

149 3780 273 3935 poem
298 3761 509 3855 potestatem
532 3763 700 3844 liaconis,
720 3761 781 3856 qui
804 3756 973 3834 Sacerdos
991 3761 1195 3841 maximus,

163 3882 223 3934 ree
244 3856 411 3935 Pontifex
433 3856 499 3936 suit
515 3858 582 3941 ,dc
605 3857 758 3935 liliorum
790 3859 884 3954 ejus,
905 3861 966 3956 qui
989 3853 1197 3932 Sacerdotes

149 3972 293 4036 notum
319 3976 441 4043 erant,
459 3953 557 4035 suillo
574 3956 712 4034 dixerit
737 3956 911 4051 Quarto,
941 3951 1199 4051 Episcoporour
1239 3994 1243 4003 .

151 4055 254 4155 supra
276 4054 504 4155 Presbyteros
526 4060 751 4134 eminentiam
782 4060 871 4132 inter
897 4054 1107 4123 Trariciones
1121 4072 1200 4145 apo.

149 4157 283 4240 selice:
304 4156 338 4231 S.
353 4154 596 4255 Hieronymus
617 4154 746 4232 ibidem
774 4154 937 4232 recenset.
974 4151 1140 4245 Quinto,
1159 4153 1198 4227 in
1342 4216 1354 4247 ,Ι

153 4255 318 4353 Dialogo
352 4254 514 4332 adversus
542 4254 781 4333 Luciferianos
821 4260 853 4328 S.
875 4259 1093 4341 Hieronymus
1122 4254 1197 4326 ait:

154 4406 216 4534 as
237 4353 1201 4533 ssllsllsslsussusscissos
1354 4398 1361 4405 ·

156 4515 432 4634 emsoensdetur
449 4556 619 4651 potestas,
637 4479 694 4631 ssrt
706 4574 809 4630 erunt
823 4511 859 4629 in
882 4549 1027 4629 Ecclesia
1041 4548 1201 4624 schisma·

158 4672 211 4746 ta,
231 4674 327 4758 quot
347 4655 556 4734 Sacerdotes
578 4703 647 4751 „„·
673 4655 709 4733 Si
727 4651 886 4734 Eccleliae
905 4653 990 4730 salus
1011 4669 1057 4727 ex
1074 4649 1203 4827 signini
