3200 5375
330 707 407 854 Do
427 731 694 853 ‘sacramento
722 749 906 869 Ordlnlm'
1083 720 1171 887 1‘37t

138 949 142 954 ·
175 935 273 1030 Alter
295 935 390 1022 casus
428 933 477 1017 cst
499 987 509 1017 ‚
533 930 558 1017 li
582 936 660 1031 quis
686 934 836 1013 fortuito
867 938 903 1018 io
929 932 1048 1033 aliquo
1077 918 1184 1016 loco'
1223 956 1226 964 ’

121 1055 227 1117 natus
250 1034 324 1126 είὶ,1
349 1039 386 1112 in
405 1057 450 1123 eo
471 1034 620 1127 scillcet,
647 1057 754 1130 quem
779 1031 888 1125 mater
915 1032 1180 1126 pertransibat(

123 1156 185 1216 aut
216 1157 292 1234 quo
328 1137 449 1224 animo
482 1137 629 1218 minima
665 1134 915 1222 commorandi
949 1135 1180 1224 perrexerat

115 1229 221 1319 ‘Nam
242 1238 305 1332 qui
330 1239 376 1328 ita
396 1244 442 1324 ex
463 1232 582 1343 aliquo
602 1232 688 1321 loco
712 1234 784 1317 est,
807 1258 881 1310 non
906 1231 1057 1326 efficitur
1078 1223 1185 1338 civis]

123 1340 231 1433 buius
259 1335 330 1428 loci
354 1336 421 1430 ²>in
449 1357 524 1429 quo
554 1349 654 1407 natos
674 1333 722 1418 est
745 1384 755 1424 ‚
777 1350 817 1424 ut
847 1334 1027 1429 colligitur
1050 1358 1094 1415 cx
1122 1328 1166 1416 L.

123 1441 230 1513 fusos
248 1434 403 1529 superios
424 1431 583 1511 laudata,
601 1432 701 1521 cujus
721 1433 794 1509 baec
813 1433 889 1518 suot
907 1437 1033 1523 verbm
1057 1490 1079 1524 „
1108 1430 1185 1509 Fi·.

125 1596 150 1637 „
165 1539 233 1626 lios
262 1536 358 1641 apud
390 1533 566 1625 originem
590 1537 696 1625 patris
716 1586 727 1618 ,
744 1556 819 1610 noo
842 1536 879 1610 io
900 1552 1056 1617 matema
1080 1534 1185 1608 civi-'

128 1641 258 1732 ,gruem¹
272 1633 334 1724 etsi
345 1634 390 1707 ibi
405 1634 476 1717 nati
496 1630 579 1720 lint,
596 1629 639 1704 ad
655 1630 898 1722 bonoamico
909 1654 1054 1722 munera
1071 1627 1183 1730 pollo

128 1731 557 1833 „compelli‚explorati
588 1732 673 1825 juris
700 1731 807 1824 est‚,.
986 1746 988 1750 ’
1039 1745 1042 1752 “
1078 1735 1080 1740 ’
1179 1803 1183 1815 ,

143 1881 149 1887 -
181 1834 245 1917 Vl..
272 1829 461 1927 Episcopus
479 1831 647 1914 domicilii
665 1833 714 1913 elt
725 1830 917 1929 Episcopus
934 1831 1028 1920 loci,
1047 1834 1083 1914 in
1096 1853 1184 1933 quo.
1211 1837 1286 1915 Quia
1354 1840 1378 1901 l.

130 1935 281 2041 quisita
309 1930 472 2022 habitat,
494 1948 532 2021 ut
561 1945 735 2023 perpetuo
769 1932 932 2016 monendi
960 1936 996 2005 in
1029 1957 1089 2010 eo.
1108 1913 1208 2005 nec.f

131 2035 280 2133 usquam
300 2033 335 2106 in
357 2031 478 2121 locum
497 2030 642 2124 originis
659 2026 724 2110 suae
746 2030 915 2120 redeundi
936 2025 1186 2119 intentionems

133 2133 282 2211 habeat,
299 2128 525 2227 fortunasque
549 2128 622 2205 luas
642 2132 678 2202 in
705 2154 749 2205 eo
777 2132 953 2217 collocet,
973 2147 1012 2209 ut
1040 2117 1188 2227 colligi·'

135 2252 254 2312 turex
273 2235 458 2318 cossam,
473 2227 514 2305 C.
532 2231 573 2305 dc
586 2231 672 2299 Inn-
686 2235 717 2307 ἐ.
729 2227 943 2321 ,αηυεὴωο
962 2229 1039 2318 lunt
1053 2234 1185 2314 verbaa

135 2389 195 2428 ,‚„
217 2326 256 2407 ln
273 2328 400 2414 codem
427 2329 511 2403 loco
536 2325 691 2425 ungulos
709 2329 837 2410 babere
859 2331 1078 2416 domicilium
1103 2355 1187 2420 uon¹

137 2433 294 2527 ambigi,
311 2431 370 2505 ubi
399 2432 477 2525 quic
502 2428 608 2501 larem
633 2483 643 2513 ‚
670 2453 882 2526 rerumque,
902 2454 942 2508 ac
961 2435 1189 2530 tottonarum,

137 2533 276 2609 inarum
300 2529 471 2607 summam
486 2527 668 2614 constituit
684 2553 694 2621 ;
713 2531 807 2605 undo
828 2529 939 2615 rursus
967 2552 1039 2604 noo
1056 2528 1097 2608 fit
1130 2529 1185 2609 di·¹
1264 2538 1266 2542 ’

139 2628 328 2712 incisurus,
351 2627 375 2703 fi
399 2625 485 2702 nihil
501 2642 655 2721 avocet3
687 2629 781 2713 unde
803 2652 885 2709 cunt
911 2629 1086 2729 profeilus
1111 2630 1185 2717 estc

99 2764 104 2779 ·
140 2730 357 2843 peregrinari
382 2729 547 2825 videtum
575 2744 659 2823 quo·
680 2725 703 2813 fi
724 2730 814 2806 redit
842 2784 852 2815 ‚
874 2731 1084 2828 peregrinari
1111 2731 1186 2823 jam

142 2828 273 2917 destitit
293 2884 314 2919 „
331 2876 366 2917 „2
394 2825 436 2903 Et
452 2845 513 2921 50.
527 2825 604 2896 Nec
621 2823 701 2915 ἱρῇ,
722 2826 765 2904 C.
793 2827 853 2904 sub
879 2828 1006 2911 codem
1035 2826 1190 2924 Titulog

143 2987 167 3025 „
182 2985 204 3021 „
232 2927 311 3005 Nec
332 2925 393 3031 ips]
416 2932 475 3020 qui
492 2927 686 3017 studiorum
712 2931 809 3008 caula
831 2928 949 3023 aliquo
978 2925 1063 3005 loco
1083 2950 1187 3004 come

143 3034 353 3117 niorantur,'
377 3025 597 3116 domicilium
622 3027 670 3099 ibi
684 3025 811 3100 habere
824 3024 1112 3113 creduntur‚nili
1125 3023 1185 3101 de·

144 3129 343 3212 comannis
368 3123 538 3213 tranl'atlis
560 3149 605 3198 eo
623 3125 708 3215 loco
722 3121 815 3201 ledes
840 3124 899 3210 sibi
921 3127 1186 3209 constituerint,

146 3227 340 3305 fecundum
370 3222 568 3320 Epistolam'
587 3221 635 3300 D·
661 3222 856 3310 Hadriani,
890 3247 956 3313 nec
986 3242 1101 3320 pater,
1125 3224 1188 3321 qui

148 3340 299 3427 propter
316 3322 425 3415 filium
450 3323 644 3400 (ludentem
668 3324 885 3421 frequentius
909 3326 952 3401 ad
980 3336 1188 3413 comcom-

150 3430 248 3507 meat
271 3480 337 3515 ‚‚‚‚.
366 3422 488 3499 Nemo
513 3446 622 3516 ergo,
642 3426 702 3519 qui
727 3450 746 3513 a
770 3426 867 3499 brevi
890 3442 1050 3521 tempore
1067 3424 1192 3514 locum

149 3523 304 3629 aliquem
322 3524 572 3601 incolit.credi
586 3521 690 3597 debet
705 3524 739 3597 in
757 3548 801 3614 co
822 3525 1041 3600 domicilium
1056 3519 1185 3611 batille,

148 3624 221 3705 nio·
240 3629 414 3705 rationes,
432 3621 488 3697 seu
506 3621 714 3714 conjeilurae
735 3622 931 3720 probabiles
950 3626 984 3698 id
1005 3622 1201 3729 stradeantt

148 3725 242 3802 ficut
257 3725 349 3802 enim
373 3726 408 3798 in
436 3722 652 3821 fugientibus
684 3745 790 3810 onera
807 3777 817 3806 ,
836 3725 1047 3806 Domiob'nm
1070 3747 1125 3804 rc,
1147 3722 1205 3793 (φ’
1238 3758 1242 3777 ·

147 3817 466 3916 fatio'transfertur
479 3870 488 3901 ,
501 3844 561 3888 non
591 3825 674 3889 reuda
694 3818 919 3902 conteslatione
943 3869 954 3900 ‚
981 3837 1021 3900 ut
1043 3820 1192 3911 habetut¹

149 3940 212 4020 50.
228 3919 441 3999 Domitillam
461 3919 499 3997 ff.
521 3924 561 3988 ad
587 3921 820 4009 Municipalem
833 3951 846 4000 ‚·
871 3925 917 4003 ita
937 3924 971 3997 in
994 3924 1193 4016 appetenti.
1253 3981 1255 3986 ,

151 4025 221 4100 bus
249 4021 406 4107 honores
440 4019 534 4095 nuda
556 4020 812 4111 contestatione
834 4025 994 4109 contenti
1021 4017 1087 4095 ell'e
1114 4042 1191 4099 noo

156 4123 338 4199 debemus·
363 4118 421 4196 Dc
443 4120 569 4198 exteris
591 4118 688 4193 facile
709 4118 855 4218 quilque
874 4118 1031 4214 suspicari
1054 4119 1190 4214 potest,

151 4245 238 4305 eos,
267 4217 292 4294 sa
317 4223 353 4307 io
377 4218 490 4293 alieno
514 4217 598 4292 loco
622 4219 799 4312 postulent
826 4221 1013 4306 ordinari,
1043 4226 1189 4315 patriam

158 4321 309 4416 fugere,
330 4321 364 4391 in
390 4341 457 4417 qua
483 4317 672 4403 naulum,
699 4332 737 4395 ut
760 4317 890 4403 lucilius
920 4318 1197 4403 ordinatoribus

161 4423 375 4516 imponant,
395 4419 522 4514 litaque
545 4419 689 4492 crimina
718 4417 785 4510 ,dc
812 4419 1061 4514 impedimenta
1090 4442 1198 4494 cano-

159 4525 238 4596 nica
256 4519 408 4614 ‚quibus
423 4515 516 4593 forte
543 4515 620 4590 l'unt
638 4519 781 4597 irretiti,
803 4519 1010 4604 occultent,
1025 4518 1196 4615 quemad·

157 4619 307 4695 modum
331 4614 631 4692 monuit‘Clemens
651 4617 713 4687 IV.
729 4639 806 4712 cap.
829 4624 918 4705 Sape‘
929 4619 1108 4710 contingit,
1140 4622 1191 4707 tit.

157 4718 209 4791 De
231 4711 430 4814 temporibus
453 4719 702 4790 Oreinoionum
727 4763 739 4802 ,
765 4723 804 4793 in
831 4719 956 4798 Sexto.
982 4716 1200 4797 Cavendum

1057 4815 1130 4897 esta
