3200 5375
140 186 893 446 ΙΙΙΙΙΙΙΙΙΙΙΙΙΙΙΙΙΙΙΙΙΙ
926 186 980 404 ΗΙ
1178 423 1180 428 .

661 563 671 598 l

329 825 339 846 χ
492 703 562 796 De
590 700 887 819 Indulgentiis.‘
956 790 961 836 Ι
1166 731 1222 814 23

171 879 383 982 „efficacius
400 878 659 981 consequetur,
689 882 751 979 qui
766 878 924 958 Basilicas
939 877 1026 976 ipsas
1047 879 1221 979 amplior,
1251 919 1254 924 ,

173 990 248 1081 „ot
272 984 438 1059 devotius
463 979 747 1079 frequentabit„.
812 981 912 1060 ldenr
949 982 1130 1078 colligitur
1172 1004 1221 1065 ex

172 1086 303 1165 lnnoc.
317 1080 383 1165 IV.
400 1086 435 1159 in
446 1104 525 1177 cap·
536 1080 644 1178 Qou
655 1099 785 1167 aaron,
804 1078 921 1160 Extra.
950 1086 989 1149 de
1004 1089 1220 1175 periremus,

171 1190 339 1268 dicente:
365 1241 421 1276 „,‚
441 1179 544 1259 Licet
563 1181 773 1281 generaliter
792 1181 852 1259 fiat
864 1182 1089 1279 indulgentia
1108 1206 1222 1284 prop·

174 1306 227 1366 ter
250 1286 427 1385 pericula3
445 1299 664 1361 tannenunos
685 1281 763 1377 plus
777 1283 847 1360 alio
863 1286 968 1360 habet
985 1288 1077 1361 intra
1090 1288 1223 1367 metant

172 1413 192 1471 a
208 1387 365 1470 Praelato
382 1386 635 1462 constitutam,
654 1383 847 1461 secundum
863 1386 961 1485 quod
976 1384 1053 1479 plus
1070 1384 1224 1481 devotus

174 1490 244 1571 est,
275 1487 329 1561 vel
343 1485 421 1583 plus
442 1484 603 1573 laborat,
624 1484 679 1562 vel
704 1487 897 1583 majoribus
918 1485 1079 1584 periculis
1102 1483 1137 1560 le
1161 1507 1227 1561 ex·-

204 1606 373 1678 omtnw
995 1625 998 1632 ’

177 1614 203 1689 p
230 1687 321 1766 Haec
343 1684 503 1762 dotlrina
523 1684 766 1781 probabilior,
787 1684 945 1763 intosola
969 1708 1050 1762 vera
1065 1683 1154 1761 mihi
1177 1687 1230 1761 vi.

153 1795 157 1804 '
185 1789 310 1885 detur,
325 1810 432 1882 quarn
456 1805 689 1882 propugnant
712 1786 748 1863 S·
771 1784 845 1868 Th.
862 1790 898 1865 in
917 1811 953 1883 4.
974 1786 1133 1863 Sentent.
1151 1786 1230 1864 dist.

183 1904 556 1986 20·q.1.art.3·q·2.
582 1884 626 1960 ad
638 1906 670 1973 3.
687 1888 788 1975 cujus
817 1890 921 1964 verba
946 1885 1233 1979 descriptahabet
1382 1945 1387 1957 .

186 1989 274 2070 infra
288 1986 423 2083 Regula
446 2004 499 2079 ¹3.
514 1982 804 2063 S·Bonaventura
818 1988 940 2063 eadem
952 1988 1027 2065 dist.
1044 1983 1081 2087 ql
1091 1987 1236 2066 ultima·
1371 2035 1374 2041 ,
1422 2032 1426 2042 ·

191 2090 362 2169 Adrianus
397 2084 459 2162 Vl.
496 2085 713 2163 Dominicus
751 2090 869 2165 Sora,
909 2086 1038 2175 listins,
1067 2087 1233 2186 Sylvius,

191 2186 407 2281 „uiolariue
437 2184 493 2261 Ne
523 2211 566 2262 ue
597 2210 683 2263 vero
705 2182 850 2287 (inquit
873 2187 1015 2275 Ellius)
1038 2188 1236 2286 quidquam

191 2288 260 2414 ⁹id
277 2288 429 2383 derogat
450 2209 704 2384 lngulgentiis,
734 2311 813 2385 quae
835 2286 968 2377 Plenae,
995 2288 1051 2364 seu
1071 2285 1236 2366 Plenariae
1309 2266 1316 2294 ⁸
1347 2296 1349 2300 ’

172 2409 215 2481 ⁴„
230 2389 489 2462 conceduntur.
520 2383 634 2461 Plenae
656 2389 751 2462 eninr
780 2389 951 2467 dicuntur
973 2386 1237 2484 Indulgentiae,

201 2544 222 2581 „
237 2510 389 2582 quarum
402 2510 440 2563 ea
454 2487 634 2572 visestnn
649 2485 789 2565 Plenam
807 2491 834 2562 is
846 2539 856 2570 ‚
869 2492 928 2585 qui
947 2488 988 2564 lit
1005 2505 1217 2585 praeparatus
1230 2536 1261 2586 „
1310 2525 1312 2529 ·

198 2644 218 2682 „
229 2591 390 2682 accipere
407 2604 514 2683 queat
531 2608 761 2681 peccatorum
785 2587 1034 2670 rem‘issionem.
1062 2588 1126 2664 Per
1141 2586 1245 2686 quod

202 2689 409 2782 „imprimis
438 2705 575 2763 certum
597 2690 665 2771 ell,
695 2712 769 2764 non
805 2713 952 2769 omnent
979 2686 1246 2768 tatisfauionena

202 2788 396 2881 „excludo
427 2787 738 2886 quandoquidem
768 2793 998 2886 preparatio,
1022 2789 1079 2864 seu
1103 2783 1249 2882 dltpofi.

207 2891 297 2980 „tio
318 2888 475 2984 quadan
502 2885 722 2981 latislatloria
745 2893 933 2984 requiritur
954 2911 999 2961 ex
1023 2905 1121 2984 parte
1147 2885 1249 2962 susci.

202 3044 225 3080 „
238 2991 385 3083 pientia,
407 2991 516 3084 idque
533 2985 841 3086 exlegedivina‚
864 2992 920 3067 cui
943 2984 1153 3066 beneficium
1175 2984 1250 3067 hoc

202 3086 474 3185 ,',lndulgentiae
505 3087 667 3182 plenariae
696 3113 771 3163 non
799 3089 848 3164 est
870 3091 1100 3169 contrarium.
1142 3086 1249 3178 Quo·

207 3194 337 3281 „circa
373 3185 540 3264 Pontifex
580 3187 785 3282 hujusmodi
822 3189 1082 3284 indulgentiam
1118 3210 1249 3267 conce·

203 3289 328 3381 „oens
352 3311 428 3362 non
449 3286 587 3383 Legem
610 3290 764 3363 divinam
798 3289 957 3384 infringit
983 3339 994 3371 ‚
1018 3287 1074 3362 seu
1095 3311 1133 3362 ea
1159 3308 1250 3382 prae·

203 3386 420 3483 „suppofita
442 3387 487 3460 de
524 3386 743 3482 plenitudine
771 3389 950 3484 potestatis
982 3387 1246 3483 Indulgentiaut

203 3487 412 3584 „dilpenlat
431 3485 522 3562 nulla
551 3490 723 3580 temporis
756 3489 912 3563 mensura
935 3490 1143 3574 linritatan13
1169 3504 1270 3561 tan-¹

203 3643 226 3680 ,‚
239 3609 319 3664 turn
332 3586 494 3663 videlicet
509 3587 679 3682 largiens,
702 3604 874 3684 quantuni
889 3588 1035 3685 quilque
1053 3586 1249 3667 secondum

203 3689 533 3785 „praeparationem
553 3690 647 3762 l'uanr
670 3709 794 3786 cupere
813 3688 951 3786 potestt
974 3691 1009 3762 δι
1029 3702 1141 3763 totam
1158 3710 1250 3761 con.

203 3790 381 3878 „donans
397 3809 563 3879 poenam,
583 3785 606 3859 sr
625 3787 740 3861 totalis
762 3789 1039 3868 condonationis
1056 3783 1251 3888 secundum
1348 3810 1351 3815 ⁴

204 3942 226 3980 „
240 3895 533 3982 preparationem
547 3884 642 3961 luam
660 3909 771 3982 capax
790 3887 838 3961 ell
853 3889 1041 3982 poenitens.
1071 3884 1176 3963 Unde
1191 3909 1253 3964 re«

202 4010 280 4078 „re
307 3983 457 4070 dicitur,
484 3985 593 4079 ¹quod
621 3984 844 4083 Indulgentia
867 3993 972 4065 eriam
1003 3988 1155 4082 plenaria
1178 4001 1257 4060 tan-

206 4143 228 4179 „
243 4102 323 4163 tuni
345 4085 644 4180 valet,quantunr
658 4085 778 4176 lonat3
800 4084 1020 4161 tanretfinorr
1043 4088 1180 4171 omnis,
1196 4085 1260 4182 qui

210 4243 233 4279 „
245 4209 324 4259 eant
339 4188 543 4278 participat,
561 4186 705 4282 plenum
719 4189 800 4262 inrle
811 4185 961 4261 fructum
974 4187 1209 4283 consequatur
1220 4238 1258 4277 ,,.

261 4284 394 4366 Procul
415 4290 595 4384 ergo‚qui
610 4286 797 4380 praedicare
813 4286 951 4381 populo
980 4285 1168 4360 christiano
1182 4307 1257 4360 non
1313 4301 1400 4366 Erine
1427 4299 1459 4367 in

206 4385 396 4467 dubitant,
423 4388 524 4481 quod
542 4410 616 4461 non
632 4409 678 4460 ex
700 4389 878 4482 Scriptura
903 4385 1021 4468 sacra,
1047 4386 1103 4460 vel
1131 4381 1256 4460 Tradi-
1283 4378 1415 4455 Julian,
1431 4382 1460 4441 ἂ

208 4491 312 4561 tione
334 4485 542 4567 hauserunt,
568 4509 635 4559 nec
658 4487 700 4559 ab
724 4482 872 4565 Ecclesia
890 4486 1110 4561 didicerunt,
1131 4485 1186 4561 seu
1201 4489 1253 4560 in·
1283 4457 1444 4606 ffifflffi

1332 1658 1349 1692 δ

208 4588 349 4662 erudita
383 4587 501 4660 cordis
526 4587 573 4660 l'oi
595 4583 728 4660 viltone
765 4585 957 4661 linxerunt·
988 4583 1128 4661 Omnes
1153 4641 1163 4670 ,
1195 4609 1256 4683 qur
1283 4606 1445 4685 uaepraedi.

207 4686 405 4783 plenarium
437 4683 731 4869 Indulgentissnr,
758 4703 819 4769 aut
840 4684 1027 4795 Jubilaeuut
1047 4690 1255 4783 quomodo.
1284 4700 1458 4829 affinia..

323 4841 326 4843 ·
697 4806 718 4881 5
1058 4807 1201 4897 cunque
1401 4802 1410 4825 ⁵
