<?xml version="1.0" encoding="UTF-8"?>
<!DOCTYPE html PUBLIC "-//W3C//DTD XHTML 1.0 Transitional//EN"
    "http://www.w3.org/TR/xhtml1/DTD/xhtml1-transitional.dtd">
<html xmlns="http://www.w3.org/1999/xhtml" xml:lang="en" lang="en">
 <head>
  <title>
</title>
<meta http-equiv="Content-Type" content="text/html;charset=utf-8" />
  <meta name='ocr-system' content='tesseract 3.04.00' />
  <meta name='ocr-capabilities' content='ocr_page ocr_carea ocr_par ocr_line ocrx_word'/>
</head>
<body>
  <div class='ocr_page' id='page_1' title='image "./theologiadogmat01alexgoog_0108.png"; bbox 0 0 3200 5375; ppageno 0'>
   <div class='ocr_carea' id='block_1_1' title="bbox 127 705 1178 1060">
    <p class='ocr_par' dir='ltr' id='par_1_1' title="bbox 127 705 1178 1060">
     <span class='ocr_line' id='line_1_1' title="bbox 340 705 1175 810; baseline -0.006 -8"><span class='ocrx_word' id='word_1_1' title='bbox 340 710 411 802; x_wconf 87' lang='lat' dir='ltr'>De</span> <span class='ocrx_word' id='word_1_2' title='bbox 437 707 707 804; x_wconf 81' lang='lat' dir='ltr'>sacramento</span> <span class='ocrx_word' id='word_1_3' title='bbox 737 705 950 804; x_wconf 59' lang='lat' dir='ltr'>orders„</span> <span class='ocrx_word' id='word_1_4' title='bbox 1099 733 1175 810; x_wconf 81' lang='lat'>103</span> 
     </span>
     <span class='ocr_line' id='line_1_2' title="bbox 127 878 1178 1060; baseline -0.015 -87"><span class='ocrx_word' id='word_1_5' title='bbox 127 886 202 972; x_wconf 88' lang='lat' dir='ltr'>esse</span> <span class='ocrx_word' id='word_1_6' title='bbox 225 880 416 973; x_wconf 76' lang='lat' dir='ltr'>nolumus,</span> <span class='ocrx_word' id='word_1_7' title='bbox 443 896 484 960; x_wconf 93' lang='lat' dir='ltr'>ut</span> <span class='ocrx_word' id='word_1_8' title='bbox 505 881 658 1060; x_wconf 46' lang='lat' dir='ltr'>Essem</span> <span class='ocrx_word' id='word_1_9' title='bbox 686 880 819 976; x_wconf 85' lang='lat' dir='ltr'>pedes,</span> <span class='ocrx_word' id='word_1_10' title='bbox 853 878 995 963; x_wconf 80' lang='lat' dir='ltr'>inferius</span> <span class='ocrx_word' id='word_1_11' title='bbox 1027 902 1115 958; x_wconf 83' lang='lat' dir='ltr'>vero</span> <span class='ocrx_word' id='word_1_12' title='bbox 1136 879 1178 957; x_wconf 84' lang='lat' dir='ltr'>sit</span> 
     </span>
    </p>
   </div>
   <div class='ocr_carea' id='block_1_2' title="bbox 130 962 1480 1978">
    <p class='ocr_par' dir='ltr' id='par_1_2' title="bbox 130 962 1480 1978">
     <span class='ocr_line' id='line_1_3' title="bbox 316 981 1269 1035; baseline -0.005 -1"><span class='ocrx_word' id='word_1_13' title='bbox 316 985 319 990; x_wconf 65' lang='grc'>’</span> <span class='ocrx_word' id='word_1_14' title='bbox 372 983 379 998; x_wconf 78' lang='grc'><strong><em>’</em></strong></span> <span class='ocrx_word' id='word_1_15' title='bbox 475 984 481 996; x_wconf 85' lang='grc'><strong>’</strong></span> <span class='ocrx_word' id='word_1_16' title='bbox 697 985 703 997; x_wconf 77' lang='grc'><strong><em>’</em></strong></span> <span class='ocrx_word' id='word_1_17' title='bbox 773 1003 782 1025; x_wconf 76' lang='grc' dir='ltr'><strong><em>ο</em></strong></span> <span class='ocrx_word' id='word_1_18' title='bbox 854 984 860 995; x_wconf 87' lang='lat'>&#39;</span> <span class='ocrx_word' id='word_1_19' title='bbox 891 984 898 997; x_wconf 82' lang='lat'>&#39;</span> <span class='ocrx_word' id='word_1_20' title='bbox 1159 981 1181 1035; x_wconf 81' lang='grc'>“,“</span> <span class='ocrx_word' id='word_1_21' title='bbox 1245 984 1269 1029; x_wconf 81' lang='lat' dir='ltr'>l&#39;·</span> 
     </span>
     <span class='ocr_line' id='line_1_4' title="bbox 130 962 1316 1173; baseline -0.007 -9"><span class='ocrx_word' id='word_1_22' title='bbox 130 980 532 1168; x_wconf 62' lang='lat' dir='ltr'>restitisis</span> <span class='ocrx_word' id='word_1_23' title='bbox 548 980 787 1173; x_wconf 63' lang='lat' dir='ltr'>silitum</span> <span class='ocrx_word' id='word_1_24' title='bbox 803 982 1024 1154; x_wconf 67' lang='lat' dir='ltr'>{ime</span> <span class='ocrx_word' id='word_1_25' title='bbox 1038 998 1181 1161; x_wconf 75' lang='lat' dir='ltr'>uu</span> <span class='ocrx_word' id='word_1_26' title='bbox 1200 962 1316 1039; x_wconf 77' lang='lat'>⁰⁰⁴·</span> 
     </span>
     <span class='ocr_line' id='line_1_5' title="bbox 130 1170 1480 1282; baseline -0.021 -11"><span class='ocrx_word' id='word_1_27' title='bbox 130 1197 297 1278; x_wconf 52' lang='lat' dir='ltr'>iterum}</span> <span class='ocrx_word' id='word_1_28' title='bbox 322 1179 374 1253; x_wconf 79' lang='lat' dir='ltr'>Tu</span> <span class='ocrx_word' id='word_1_29' title='bbox 397 1183 475 1277; x_wconf 80' lang='lat' dir='ltr'>qaid</span> <span class='ocrx_word' id='word_1_30' title='bbox 490 1184 625 1282; x_wconf 20' lang='lat' dir='ltr'>&#39;judicas</span> <span class='ocrx_word' id='word_1_31' title='bbox 647 1177 791 1273; x_wconf 75' lang='lat' dir='ltr'>fratrem</span> <span class='ocrx_word' id='word_1_32' title='bbox 818 1199 911 1253; x_wconf 84' lang='lat' dir='ltr'>tuum</span> <span class='ocrx_word' id='word_1_33' title='bbox 935 1182 952 1253; x_wconf 74' lang='grc' dir='ltr'><em>ἒ</em></span> <span class='ocrx_word' id='word_1_34' title='bbox 981 1179 1017 1258; x_wconf 86' lang='lat' dir='ltr'>Si</span> <span class='ocrx_word' id='word_1_35' title='bbox 1039 1180 1179 1258; x_wconf 83' lang='lat' dir='ltr'>fratrem</span> <span class='ocrx_word' id='word_1_36' title='bbox 1201 1170 1292 1238; x_wconf 75' lang='lat' dir='ltr'>Rom·</span> <span class='ocrx_word' id='word_1_37' title='bbox 1308 1182 1354 1245; x_wconf 67' lang='grc'>14-</span> <span class='ocrx_word' id='word_1_38' title='bbox 1478 1247 1480 1252; x_wconf 71' lang='grc'>,</span> 
     </span>
     <span class='ocr_line' id='line_1_6' title="bbox 132 1278 1182 1390; baseline -0.008 -24"><span class='ocrx_word' id='word_1_39' title='bbox 132 1291 290 1390; x_wconf 89' lang='lat' dir='ltr'>judicare</span> <span class='ocrx_word' id='word_1_40' title='bbox 321 1304 395 1358; x_wconf 92' lang='lat' dir='ltr'>non</span> <span class='ocrx_word' id='word_1_41' title='bbox 421 1280 595 1378; x_wconf 84' lang='lat' dir='ltr'>expedit,</span> <span class='ocrx_word' id='word_1_42' title='bbox 621 1296 759 1380; x_wconf 82' lang='lat' dir='ltr'>quanto</span> <span class='ocrx_word' id='word_1_43' title='bbox 792 1285 908 1358; x_wconf 82' lang='lat' dir='ltr'>minus</span> <span class='ocrx_word' id='word_1_44' title='bbox 939 1278 1182 1376; x_wconf 76' lang='lat' dir='ltr'>Magistrum?</span> 
     </span>
     <span class='ocr_line' id='line_1_7' title="bbox 133 1379 1183 1480; baseline -0.007 -13"><span class='ocrx_word' id='word_1_45' title='bbox 133 1390 403 1472; x_wconf 83' lang='lat' dir='ltr'>insurrexerunt</span> <span class='ocrx_word' id='word_1_46' title='bbox 413 1381 574 1460; x_wconf 82' lang='lat' dir='ltr'>adsersus</span> <span class='ocrx_word' id='word_1_47' title='bbox 596 1386 736 1469; x_wconf 78' lang='lat' dir='ltr'>Aaron,</span> <span class='ocrx_word' id='word_1_48' title='bbox 760 1382 841 1480; x_wconf 80' lang='lat' dir='ltr'>poli</span> <span class='ocrx_word' id='word_1_49' title='bbox 864 1379 975 1457; x_wconf 90' lang='lat' dir='ltr'>Vitusi</span> <span class='ocrx_word' id='word_1_50' title='bbox 994 1383 1183 1460; x_wconf 81' lang='lat' dir='ltr'>s&#39;ormatam</span> 
     </span>
     <span class='ocr_line' id='line_1_8' title="bbox 133 1479 1186 1586; baseline -0.006 -24"><span class='ocrx_word' id='word_1_51' title='bbox 133 1486 313 1586; x_wconf 80' lang='lat' dir='ltr'>effigiem,</span> <span class='ocrx_word' id='word_1_52' title='bbox 343 1479 464 1564; x_wconf 68' lang='lat' dir='ltr'>Cure,</span> <span class='ocrx_word' id='word_1_53' title='bbox 484 1479 641 1560; x_wconf 88' lang='lat' dir='ltr'>Darham</span> <span class='ocrx_word' id='word_1_54' title='bbox 664 1523 677 1564; x_wconf 71' lang='lat'>0</span> <span class='ocrx_word' id='word_1_55' title='bbox 699 1484 736 1559; x_wconf 79' lang='lat' dir='ltr'>dr</span> <span class='ocrx_word' id='word_1_56' title='bbox 756 1483 905 1560; x_wconf 84' lang='lat' dir='ltr'>Abiron·</span> <span class='ocrx_word' id='word_1_57' title='bbox 944 1479 1044 1574; x_wconf 86' lang='lat' dir='ltr'>Quid</span> <span class='ocrx_word' id='word_1_58' title='bbox 1070 1504 1186 1578; x_wconf 81' lang='lat' dir='ltr'>ergo.</span> 
     </span>
     <span class='ocr_line' id='line_1_9' title="bbox 135 1579 1186 1679; baseline -0.008 -13"><span class='ocrx_word' id='word_1_59' title='bbox 135 1610 261 1669; x_wconf 90' lang='lat' dir='ltr'>nonne</span> <span class='ocrx_word' id='word_1_60' title='bbox 286 1582 335 1662; x_wconf 91' lang='lat' dir='ltr'>issi</span> <span class='ocrx_word' id='word_1_61' title='bbox 354 1583 512 1679; x_wconf 82' lang='lat' dir='ltr'>periere?</span> <span class='ocrx_word' id='word_1_62' title='bbox 545 1581 706 1677; x_wconf 79' lang='lat' dir='ltr'><strong>Quilibet</strong></span> <span class='ocrx_word' id='word_1_63' title='bbox 726 1629 737 1662; x_wconf 67' lang='lat'><em>2</em></span> <span class='ocrx_word' id='word_1_64' title='bbox 757 1604 839 1679; x_wconf 82' lang='lat' dir='ltr'>quae</span> <span class='ocrx_word' id='word_1_65' title='bbox 865 1579 962 1657; x_wconf 87' lang='lat' dir='ltr'>adse</span> <span class='ocrx_word' id='word_1_66' title='bbox 988 1584 1186 1677; x_wconf 79' lang='lat' dir='ltr'>pertinent.</span> 
     </span>
     <span class='ocr_line' id='line_1_10' title="bbox 134 1679 1183 1784; baseline -0.011 -16"><span class='ocrx_word' id='word_1_67' title='bbox 134 1688 273 1768; x_wconf 80' lang='lat' dir='ltr'>solicite</span> <span class='ocrx_word' id='word_1_68' title='bbox 286 1699 398 1765; x_wconf 77' lang='lat' dir='ltr'>curet·</span> <span class='ocrx_word' id='word_1_69' title='bbox 424 1679 517 1760; x_wconf 83' lang='lat' dir='ltr'>Nam</span> <span class='ocrx_word' id='word_1_70' title='bbox 539 1682 722 1784; x_wconf 88' lang='lat' dir='ltr'>siquidem</span> <span class='ocrx_word' id='word_1_71' title='bbox 744 1682 825 1758; x_wconf 87' lang='lat' dir='ltr'>fidei</span> <span class='ocrx_word' id='word_1_72' title='bbox 838 1680 972 1778; x_wconf 86' lang='lat' dir='ltr'>dogma</span> <span class='ocrx_word' id='word_1_73' title='bbox 988 1698 1183 1775; x_wconf 81' lang='lat' dir='ltr'>pervertat.</span> 
     </span>
     <span class='ocr_line' id='line_1_11' title="bbox 135 1779 1391 1894; baseline -0.006 -26"><span class='ocrx_word' id='word_1_74' title='bbox 135 1784 271 1868; x_wconf 85' lang='lat' dir='ltr'>etiamsi</span> <span class='ocrx_word' id='word_1_75' title='bbox 292 1783 444 1879; x_wconf 75' lang='lat' dir='ltr'><strong>Angelus</strong></span> <span class='ocrx_word' id='word_1_76' title='bbox 464 1781 524 1870; x_wconf 83' lang='lat' dir='ltr'>sit,</span> <span class='ocrx_word' id='word_1_77' title='bbox 545 1782 690 1858; x_wconf 91' lang='lat' dir='ltr'>obedire</span> <span class='ocrx_word' id='word_1_78' title='bbox 709 1781 874 1875; x_wconf 90' lang='lat' dir='ltr'>noli;s1n</span> <span class='ocrx_word' id='word_1_79' title='bbox 897 1804 982 1861; x_wconf 84' lang='lat' dir='ltr'>vero</span> <span class='ocrx_word' id='word_1_80' title='bbox 1007 1781 1098 1894; x_wconf 71' lang='lat' dir='ltr'>retia</span> <span class='ocrx_word' id='word_1_81' title='bbox 1118 1779 1186 1861; x_wconf 86' lang='lat' dir='ltr'>do·</span> <span class='ocrx_word' id='word_1_82' title='bbox 1225 1795 1231 1808; x_wconf 86' lang='lat'>&#39;</span> <span class='ocrx_word' id='word_1_83' title='bbox 1323 1855 1345 1864; x_wconf 83' lang='lat'>..</span> <span class='ocrx_word' id='word_1_84' title='bbox 1385 1854 1391 1880; x_wconf 71' lang='lat'><em>‚</em></span> 
     </span>
     <span class='ocr_line' id='line_1_12' title="bbox 136 1881 931 1978; baseline -0.015 -11"><span class='ocrx_word' id='word_1_85' title='bbox 136 1903 217 1978; x_wconf 85' lang='lat' dir='ltr'>cet.</span> <span class='ocrx_word' id='word_1_86' title='bbox 232 1884 310 1966; x_wconf 90' lang='lat' dir='ltr'>noli</span> <span class='ocrx_word' id='word_1_87' title='bbox 332 1887 434 1969; x_wconf 73' lang='lat' dir='ltr'>rite,</span> <span class='ocrx_word' id='word_1_88' title='bbox 452 1881 509 1960; x_wconf 89' lang='lat' dir='ltr'>sed</span> <span class='ocrx_word' id='word_1_89' title='bbox 530 1886 643 1964; x_wconf 83' lang='lat' dir='ltr'>verbis</span> <span class='ocrx_word' id='word_1_90' title='bbox 665 1883 887 1973; x_wconf 86' lang='lat' dir='ltr'>intendere„</span> <span class='ocrx_word' id='word_1_91' title='bbox 899 1936 931 1973; x_wconf 83' lang='lat'>„.</span> 
     </span>
    </p>
   </div>
   <div class='ocr_carea' id='block_1_3' title="bbox 319 2010 1013 2269">
    <p class='ocr_par' dir='ltr' id='par_1_3' title="bbox 319 2010 1013 2269">
     <span class='ocr_line' id='line_1_13' title="bbox 319 2010 1013 2123; baseline -0.016 -2"><span class='ocrx_word' id='word_1_92' title='bbox 319 2010 809 2123; x_wconf 77' lang='lat' dir='ltr'>surrectus</span> <span class='ocrx_word' id='word_1_93' title='bbox 859 2032 1013 2116; x_wconf 86' lang='lat' dir='ltr'>vi11.</span> 
     </span>
     <span class='ocr_line' id='line_1_14' title="bbox 516 2175 804 2269; baseline -0.01 -20"><span class='ocrx_word' id='word_1_94' title='bbox 516 2176 572 2247; x_wconf 83' lang='lat' dir='ltr'>ue</span> <span class='ocrx_word' id='word_1_95' title='bbox 599 2175 804 2269; x_wconf 77' lang='lat' dir='ltr'>Episcopatu.</span> 
     </span>
    </p>
   </div>
   <div class='ocr_carea' id='block_1_4' title="bbox 142 2297 1498 4892">
    <p class='ocr_par' dir='ltr' id='par_1_4' title="bbox 142 2297 1384 2468">
     <span class='ocr_line' id='line_1_15' title="bbox 142 2297 1384 2468; baseline 0.002 -92"><span class='ocrx_word' id='word_1_96' title='bbox 142 2297 460 2468; x_wconf 76' lang='lat' dir='ltr'>LEpiscopstus</span> <span class='ocrx_word' id='word_1_97' title='bbox 479 2301 529 2379; x_wconf 90' lang='lat' dir='ltr'>ess</span> <span class='ocrx_word' id='word_1_98' title='bbox 545 2324 659 2396; x_wconf 79' lang='lat' dir='ltr'>apex,</span> <span class='ocrx_word' id='word_1_99' title='bbox 679 2304 716 2379; x_wconf 91' lang='lat'>&amp;</span> <span class='ocrx_word' id='word_1_100' title='bbox 735 2300 997 2385; x_wconf 80' lang='lat' dir='ltr'>consummatio</span> <span class='ocrx_word' id='word_1_101' title='bbox 1013 2302 1188 2383; x_wconf 85' lang='lat' dir='ltr'>Sacerdo·</span> <span class='ocrx_word' id='word_1_102' title='bbox 1207 2308 1384 2393; x_wconf 71' lang='lat' dir='ltr'>episeopis·</span> 
     </span>
    </p>

    <p class='ocr_par' dir='ltr' id='par_1_5' title="bbox 142 2391 1498 3996">
     <span class='ocr_line' id='line_1_16' title="bbox 282 2391 1354 2505; baseline 0.003 -27"><span class='ocrx_word' id='word_1_103' title='bbox 282 2405 340 2478; x_wconf 87' lang='lat' dir='ltr'>tii.</span> <span class='ocrx_word' id='word_1_104' title='bbox 356 2402 634 2488; x_wconf 86' lang='lat' dir='ltr'>sivesummum,</span> <span class='ocrx_word' id='word_1_105' title='bbox 650 2403 913 2505; x_wconf 85' lang='lat' dir='ltr'>persetsumque</span> <span class='ocrx_word' id='word_1_106' title='bbox 927 2407 1187 2483; x_wconf 85' lang='lat' dir='ltr'>Sacerdotium·</span> <span class='ocrx_word' id='word_1_107' title='bbox 1208 2391 1290 2453; x_wconf 68' lang='lat'>⁰¹⁶⁰</span> <span class='ocrx_word' id='word_1_108' title='bbox 1314 2410 1354 2453; x_wconf 76' lang='lat'>²¹¹</span> 
     </span>
     <span class='ocr_line' id='line_1_17' title="bbox 142 2467 1498 2633; baseline 0.001 -55"><span class='ocrx_word' id='word_1_109' title='bbox 142 2504 201 2584; x_wconf 73' lang='lat' dir='ltr'>An</span> <span class='ocrx_word' id='word_1_110' title='bbox 222 2501 264 2580; x_wconf 82' lang='lat' dir='ltr'>sit</span> <span class='ocrx_word' id='word_1_111' title='bbox 282 2499 390 2580; x_wconf 85' lang='lat' dir='ltr'>Ordo</span> <span class='ocrx_word' id='word_1_112' title='bbox 408 2525 426 2576; x_wconf 85' lang='lat' dir='ltr'>a</span> <span class='ocrx_word' id='word_1_113' title='bbox 445 2501 690 2612; x_wconf 73' lang='lat' dir='ltr'>presbyteratu</span> <span class='ocrx_word' id='word_1_114' title='bbox 711 2505 908 2588; x_wconf 79' lang='lat' dir='ltr'>dissinc&#39;sus,</span> <span class='ocrx_word' id='word_1_115' title='bbox 931 2503 1112 2600; x_wconf 86' lang='lat' dir='ltr'>Theologi</span> <span class='ocrx_word' id='word_1_116' title='bbox 1135 2507 1183 2580; x_wconf 80' lang='lat' dir='ltr'>di·</span> <span class='ocrx_word' id='word_1_117' title='bbox 1206 2467 1393 2633; x_wconf 41' lang='lat' dir='ltr'>&amp;gil-⁶⁸31,</span> <span class='ocrx_word' id='word_1_118' title='bbox 1490 2579 1498 2590; x_wconf 83' lang='grc'><strong>,</strong></span> 
     </span>
     <span class='ocr_line' id='line_1_18' title="bbox 142 2597 1337 2704; baseline 0.008 -25"><span class='ocrx_word' id='word_1_119' title='bbox 142 2602 296 2702; x_wconf 85' lang='lat' dir='ltr'>sputant.</span> <span class='ocrx_word' id='word_1_120' title='bbox 323 2597 520 2680; x_wconf 74' lang='lat' dir='ltr'>Affirmanri</span> <span class='ocrx_word' id='word_1_121' title='bbox 541 2606 718 2679; x_wconf 76' lang='lat' dir='ltr'>sententiae</span> <span class='ocrx_word' id='word_1_122' title='bbox 737 2603 853 2679; x_wconf 82' lang='lat' dir='ltr'>severe</span> <span class='ocrx_word' id='word_1_123' title='bbox 872 2606 1010 2686; x_wconf 88' lang='lat' dir='ltr'>videtur</span> <span class='ocrx_word' id='word_1_124' title='bbox 1033 2606 1186 2704; x_wconf 80' lang='lat' dir='ltr'>Apollo·</span> <span class='ocrx_word' id='word_1_125' title='bbox 1209 2619 1337 2688; x_wconf 69' lang='lat' dir='ltr'>modus</span> 
     </span>
     <span class='ocr_line' id='line_1_19' title="bbox 142 2701 1198 2794; baseline -0.002 -11"><span class='ocrx_word' id='word_1_126' title='bbox 142 2702 202 2783; x_wconf 84' lang='lat' dir='ltr'>lus</span> <span class='ocrx_word' id='word_1_127' title='bbox 221 2718 253 2777; x_wconf 79' lang='lat'>1.</span> <span class='ocrx_word' id='word_1_128' title='bbox 275 2702 317 2778; x_wconf 82' lang='lat' dir='ltr'>ad</span> <span class='ocrx_word' id='word_1_129' title='bbox 345 2701 550 2774; x_wconf 81' lang='lat' dir='ltr'><em>Timotheum</em></span> <span class='ocrx_word' id='word_1_130' title='bbox 570 2725 605 2794; x_wconf 83' lang='lat'>4.</span> <span class='ocrx_word' id='word_1_131' title='bbox 631 2705 668 2777; x_wconf 71' lang='grc' dir='ltr'>δι</span> <span class='ocrx_word' id='word_1_132' title='bbox 701 2720 735 2777; x_wconf 83' lang='lat'>2.</span> <span class='ocrx_word' id='word_1_133' title='bbox 772 2709 814 2774; x_wconf 80' lang='lat' dir='ltr'>ad</span> <span class='ocrx_word' id='word_1_134' title='bbox 837 2703 1041 2773; x_wconf 72' lang='lat' dir='ltr'>Timotheum</span> <span class='ocrx_word' id='word_1_135' title='bbox 1071 2727 1100 2777; x_wconf 87' lang='lat'>1·</span> <span class='ocrx_word' id='word_1_136' title='bbox 1127 2706 1198 2785; x_wconf 87' lang='lat' dir='ltr'>ubi·</span> 
     </span>
     <span class='ocr_line' id='line_1_20' title="bbox 145 2801 1190 2905; baseline 0.003 -30"><span class='ocrx_word' id='word_1_137' title='bbox 145 2801 354 2875; x_wconf 75' lang='lat' dir='ltr'><em>Timotheum</em></span> <span class='ocrx_word' id='word_1_138' title='bbox 376 2801 571 2888; x_wconf 79' lang='lat' dir='ltr'>admonet,</span> <span class='ocrx_word' id='word_1_139' title='bbox 594 2817 634 2878; x_wconf 93' lang='lat' dir='ltr'>ut</span> <span class='ocrx_word' id='word_1_140' title='bbox 657 2805 804 2898; x_wconf 80' lang='lat' dir='ltr'>gratiam</span> <span class='ocrx_word' id='word_1_141' title='bbox 827 2806 861 2878; x_wconf 91' lang='lat' dir='ltr'>in</span> <span class='ocrx_word' id='word_1_142' title='bbox 890 2802 1115 2905; x_wconf 81' lang='lat' dir='ltr'>Episcopatus</span> <span class='ocrx_word' id='word_1_143' title='bbox 1135 2809 1190 2878; x_wconf 82' lang='lat' dir='ltr'>in&#39;·</span> 
     </span>
     <span class='ocr_line' id='line_1_21' title="bbox 143 2902 1189 3000; baseline -0.001 -19"><span class='ocrx_word' id='word_1_144' title='bbox 143 2904 378 2998; x_wconf 77' lang='lat' dir='ltr'>augurarium</span> <span class='ocrx_word' id='word_1_145' title='bbox 399 2919 580 2998; x_wconf 85' lang='lat' dir='ltr'>acceptam</span> <span class='ocrx_word' id='word_1_146' title='bbox 616 2925 691 2978; x_wconf 91' lang='lat' dir='ltr'>nou</span> <span class='ocrx_word' id='word_1_147' title='bbox 716 2905 872 3000; x_wconf 86' lang='lat' dir='ltr'>negligat</span> <span class='ocrx_word' id='word_1_148' title='bbox 892 2903 975 2985; x_wconf 84' lang='lat' dir='ltr'>‚sed</span> <span class='ocrx_word' id='word_1_149' title='bbox 1003 2902 1189 2984; x_wconf 77' lang='lat' dir='ltr'>resuscitet·</span> 
     </span>
     <span class='ocr_line' id='line_1_22' title="bbox 144 3001 1189 3103; baseline -0.006 -20"><span class='ocrx_word' id='word_1_150' title='bbox 144 3002 266 3101; x_wconf 83' lang='lat' dir='ltr'>Patres</span> <span class='ocrx_word' id='word_1_151' title='bbox 289 3025 435 3103; x_wconf 86' lang='lat' dir='ltr'>quoque</span> <span class='ocrx_word' id='word_1_152' title='bbox 457 3001 661 3078; x_wconf 84' lang='lat' dir='ltr'>sententiam</span> <span class='ocrx_word' id='word_1_153' title='bbox 688 3002 781 3080; x_wconf 85' lang='lat' dir='ltr'>issam</span> <span class='ocrx_word' id='word_1_154' title='bbox 816 3001 1030 3080; x_wconf 83' lang='lat' dir='ltr'>cunsirmnnt</span> <span class='ocrx_word' id='word_1_155' title='bbox 1055 3009 1086 3071; x_wconf 83' lang='lat' dir='ltr'>S·</span> <span class='ocrx_word' id='word_1_156' title='bbox 1109 3004 1189 3093; x_wconf 78' lang='lat' dir='ltr'>Epi·</span> 
     </span>
     <span class='ocr_line' id='line_1_23' title="bbox 146 3098 1192 3199; baseline 0.003 -26"><span class='ocrx_word' id='word_1_157' title='bbox 146 3102 286 3199; x_wconf 72' lang='lat' dir='ltr'>phemius</span> <span class='ocrx_word' id='word_1_158' title='bbox 304 3098 507 3193; x_wconf 76' lang='lat' dir='ltr'>Haerefi75,</span> <span class='ocrx_word' id='word_1_159' title='bbox 538 3105 676 3171; x_wconf 66' lang='lat' dir='ltr'>Aurium</span> <span class='ocrx_word' id='word_1_160' title='bbox 696 3099 969 3185; x_wconf 82' lang='lat' dir='ltr'>Haeresiurchsm</span> <span class='ocrx_word' id='word_1_161' title='bbox 995 3100 1117 3182; x_wconf 79' lang='lat' dir='ltr'>refellit</span> <span class='ocrx_word' id='word_1_162' title='bbox 1139 3098 1192 3176; x_wconf 79' lang='lat' dir='ltr'>as·</span> 
     </span>
     <span class='ocr_line' id='line_1_24' title="bbox 146 3196 1345 3317; baseline -0.008 -36"><span class='ocrx_word' id='word_1_163' title='bbox 146 3202 340 3282; x_wconf 75' lang='lat' dir='ltr'>serentem,</span> <span class='ocrx_word' id='word_1_164' title='bbox 358 3226 470 3277; x_wconf 91' lang='lat' dir='ltr'>unum</span> <span class='ocrx_word' id='word_1_165' title='bbox 490 3196 556 3276; x_wconf 89' lang='lat' dir='ltr'>esse</span> <span class='ocrx_word' id='word_1_166' title='bbox 578 3196 752 3317; x_wconf 68' lang='lat' dir='ltr'>Ordinem</span> <span class='ocrx_word' id='word_1_167' title='bbox 774 3199 960 3298; x_wconf 78' lang='lat' dir='ltr'>Episcopi.</span> <span class='ocrx_word' id='word_1_168' title='bbox 983 3202 1017 3276; x_wconf 80' lang='lat' dir='ltr'>dr</span> <span class='ocrx_word' id='word_1_169' title='bbox 1043 3197 1191 3299; x_wconf 77' lang='lat' dir='ltr'>Presby.</span> <span class='ocrx_word' id='word_1_170' title='bbox 1341 3198 1345 3207; x_wconf 84' lang='grc'><em>“</em></span> 
     </span>
     <span class='ocr_line' id='line_1_25' title="bbox 148 3298 1191 3398; baseline -0.001 -19"><span class='ocrx_word' id='word_1_171' title='bbox 148 3304 225 3379; x_wconf 82' lang='lat' dir='ltr'>teri·</span> <span class='ocrx_word' id='word_1_172' title='bbox 258 3298 487 3397; x_wconf 81' lang='lat' dir='ltr'>Quamquam</span> <span class='ocrx_word' id='word_1_173' title='bbox 512 3300 696 3381; x_wconf 88' lang='lat' dir='ltr'>nunidem</span> <span class='ocrx_word' id='word_1_174' title='bbox 718 3303 759 3377; x_wconf 89' lang='lat' dir='ltr'>sit</span> <span class='ocrx_word' id='word_1_175' title='bbox 779 3302 890 3377; x_wconf 84' lang='lat' dir='ltr'>sensus</span> <span class='ocrx_word' id='word_1_176' title='bbox 911 3298 1191 3398; x_wconf 84' lang='lat' dir='ltr'>Theolognrum</span> 
     </span>
     <span class='ocr_line' id='line_1_26' title="bbox 146 3397 1193 3497; baseline -0.002 -17"><span class='ocrx_word' id='word_1_177' title='bbox 146 3402 185 3481; x_wconf 87' lang='lat' dir='ltr'>id</span> <span class='ocrx_word' id='word_1_178' title='bbox 209 3398 460 3478; x_wconf 69' lang='lat' dir='ltr'>asserentium,</span> <span class='ocrx_word' id='word_1_179' title='bbox 483 3423 524 3476; x_wconf 86' lang='lat' dir='ltr'>ac</span> <span class='ocrx_word' id='word_1_180' title='bbox 550 3403 657 3471; x_wconf 72' lang='lat' dir='ltr'>Aeris.</span> <span class='ocrx_word' id='word_1_181' title='bbox 696 3399 747 3479; x_wconf 89' lang='lat' dir='ltr'>llsi</span> <span class='ocrx_word' id='word_1_182' title='bbox 772 3407 867 3476; x_wconf 86' lang='lat' dir='ltr'>enini</span> <span class='ocrx_word' id='word_1_183' title='bbox 902 3397 1091 3497; x_wconf 78' lang='lat' dir='ltr'>Episcopus</span> <span class='ocrx_word' id='word_1_184' title='bbox 1115 3401 1193 3494; x_wconf 87' lang='lat' dir='ltr'>jure</span> 
     </span>
     <span class='ocr_line' id='line_1_27' title="bbox 148 3497 1193 3598; baseline -0.001 -22"><span class='ocrx_word' id='word_1_185' title='bbox 148 3502 275 3576; x_wconf 84' lang='lat' dir='ltr'>divino</span> <span class='ocrx_word' id='word_1_186' title='bbox 295 3498 508 3597; x_wconf 86' lang='lat' dir='ltr'>Presbyterss</span> <span class='ocrx_word' id='word_1_187' title='bbox 531 3499 726 3596; x_wconf 82' lang='lat' dir='ltr'>superiores</span> <span class='ocrx_word' id='word_1_188' title='bbox 739 3497 806 3574; x_wconf 89' lang='lat' dir='ltr'>elle</span> <span class='ocrx_word' id='word_1_189' title='bbox 820 3514 1070 3598; x_wconf 67' lang='lat' dir='ltr'>propugnant,</span> <span class='ocrx_word' id='word_1_190' title='bbox 1089 3497 1193 3598; x_wconf 85' lang='lat' dir='ltr'>quod</span> 
     </span>
     <span class='ocr_line' id='line_1_28' title="bbox 150 3597 1194 3692; baseline -0.004 -14"><span class='ocrx_word' id='word_1_191' title='bbox 150 3598 238 3678; x_wconf 87' lang='lat' dir='ltr'>fides</span> <span class='ocrx_word' id='word_1_192' title='bbox 259 3601 392 3692; x_wconf 81' lang='lat' dir='ltr'>docet3</span> <span class='ocrx_word' id='word_1_193' title='bbox 417 3602 539 3670; x_wconf 75' lang='lat' dir='ltr'>Aerias</span> <span class='ocrx_word' id='word_1_194' title='bbox 567 3623 653 3675; x_wconf 81' lang='lat' dir='ltr'>vero</span> <span class='ocrx_word' id='word_1_195' title='bbox 681 3600 816 3676; x_wconf 88' lang='lat' dir='ltr'>nussum</span> <span class='ocrx_word' id='word_1_196' title='bbox 842 3597 908 3677; x_wconf 88' lang='lat' dir='ltr'>esse</span> <span class='ocrx_word' id='word_1_197' title='bbox 933 3601 1115 3674; x_wconf 82' lang='lat' dir='ltr'>discrimen</span> <span class='ocrx_word' id='word_1_198' title='bbox 1139 3601 1194 3674; x_wconf 92' lang='lat' dir='ltr'>in·</span> 
     </span>
     <span class='ocr_line' id='line_1_29' title="bbox 150 3697 1197 3798; baseline -0.001 -22"><span class='ocrx_word' id='word_1_199' title='bbox 150 3718 206 3776; x_wconf 86' lang='lat' dir='ltr'>ter</span> <span class='ocrx_word' id='word_1_200' title='bbox 228 3697 513 3798; x_wconf 74' lang='lat' dir='ltr'>Episcopum&amp;</span> <span class='ocrx_word' id='word_1_201' title='bbox 540 3698 782 3796; x_wconf 86' lang='lat' dir='ltr'>Presbyterum</span> <span class='ocrx_word' id='word_1_202' title='bbox 799 3703 1020 3789; x_wconf 80' lang='lat' dir='ltr'>pertinaciter</span> <span class='ocrx_word' id='word_1_203' title='bbox 1036 3699 1197 3797; x_wconf 77' lang='lat' dir='ltr'>conten·</span> 
     </span>
     <span class='ocr_line' id='line_1_30' title="bbox 151 3794 1208 3892; baseline 0.001 -18"><span class='ocrx_word' id='word_1_204' title='bbox 151 3800 280 3884; x_wconf 90' lang='lat' dir='ltr'>debat,</span> <span class='ocrx_word' id='word_1_205' title='bbox 303 3797 360 3873; x_wconf 93' lang='lat' dir='ltr'>sed</span> <span class='ocrx_word' id='word_1_206' title='bbox 380 3802 416 3873; x_wconf 91' lang='lat' dir='ltr'>in</span> <span class='ocrx_word' id='word_1_207' title='bbox 433 3801 601 3875; x_wconf 85' lang='lat' dir='ltr'>omnibus</span> <span class='ocrx_word' id='word_1_208' title='bbox 617 3800 764 3892; x_wconf 82' lang='lat' dir='ltr'>aequases</span> <span class='ocrx_word' id='word_1_209' title='bbox 779 3796 868 3884; x_wconf 82' lang='lat' dir='ltr'>esse,</span> <span class='ocrx_word' id='word_1_210' title='bbox 889 3803 923 3874; x_wconf 81' lang='lat' dir='ltr'>dr</span> <span class='ocrx_word' id='word_1_211' title='bbox 943 3796 1101 3885; x_wconf 90' lang='lat' dir='ltr'>Ordine,</span> <span class='ocrx_word' id='word_1_212' title='bbox 1126 3794 1208 3875; x_wconf 87' lang='lat' dir='ltr'>ho··</span> 
     </span>
     <span class='ocr_line' id='line_1_31' title="bbox 148 3898 817 3996; baseline -0.01 -20"><span class='ocrx_word' id='word_1_213' title='bbox 148 3922 263 3982; x_wconf 84' lang='lat' dir='ltr'>nore,</span> <span class='ocrx_word' id='word_1_214' title='bbox 283 3898 479 3993; x_wconf 75' lang='lat' dir='ltr'>dignitate,</span> <span class='ocrx_word' id='word_1_215' title='bbox 506 3898 679 3991; x_wconf 82' lang='lat' dir='ltr'>potestate</span> <span class='ocrx_word' id='word_1_216' title='bbox 707 3921 817 3996; x_wconf 79' lang='lat' dir='ltr'>pmes.</span> 
     </span>
    </p>

    <p class='ocr_par' dir='ltr' id='par_1_6' title="bbox 147 3986 1431 4798">
     <span class='ocr_line' id='line_1_32' title="bbox 200 3986 1431 4094; baseline -0.005 -18"><span class='ocrx_word' id='word_1_217' title='bbox 200 3996 404 4076; x_wconf 86' lang='lat' dir='ltr'>Concilium</span> <span class='ocrx_word' id='word_1_218' title='bbox 423 3995 693 4094; x_wconf 75' lang='lat' dir='ltr'>Carthaginense</span> <span class='ocrx_word' id='word_1_219' title='bbox 707 4019 743 4088; x_wconf 90' lang='lat'>4.</span> <span class='ocrx_word' id='word_1_220' title='bbox 784 3996 954 4073; x_wconf 87' lang='lat' dir='ltr'>sacrarum</span> <span class='ocrx_word' id='word_1_221' title='bbox 985 3991 1193 4073; x_wconf 73' lang='lat' dir='ltr'>Ordinatio·</span> <span class='ocrx_word' id='word_1_222' title='bbox 1212 3986 1390 4083; x_wconf 64' lang='lat' dir='ltr'>episcopus·</span> <span class='ocrx_word' id='word_1_223' title='bbox 1429 4012 1431 4017; x_wconf 89' lang='grc'><strong><em>·</em></strong></span> 
     </span>
     <span class='ocr_line' id='line_1_33' title="bbox 151 4067 1369 4192; baseline -0.005 -18"><span class='ocrx_word' id='word_1_224' title='bbox 151 4120 242 4175; x_wconf 87' lang='lat' dir='ltr'>num</span> <span class='ocrx_word' id='word_1_225' title='bbox 263 4100 369 4175; x_wconf 90' lang='lat' dir='ltr'>ritum</span> <span class='ocrx_word' id='word_1_226' title='bbox 395 4097 613 4181; x_wconf 87' lang='lat' dir='ltr'>describens,</span> <span class='ocrx_word' id='word_1_227' title='bbox 636 4095 910 4173; x_wconf 81' lang='lat' dir='ltr'>Ordinationem</span> <span class='ocrx_word' id='word_1_228' title='bbox 929 4092 1194 4192; x_wconf 62' lang='lat' dir='ltr'>Epimenidem,</span> <span class='ocrx_word' id='word_1_229' title='bbox 1214 4067 1369 4158; x_wconf 60' lang='lat' dir='ltr'>⁰¹d¹⁸ts⁰</span> 
     </span>
     <span class='ocr_line' id='line_1_34' title="bbox 150 4157 1366 4291; baseline -0.007 -15"><span class='ocrx_word' id='word_1_230' title='bbox 150 4220 222 4278; x_wconf 80' lang='lat' dir='ltr'>uta</span> <span class='ocrx_word' id='word_1_231' title='bbox 240 4201 373 4273; x_wconf 84' lang='lat' dir='ltr'>cacteris</span> <span class='ocrx_word' id='word_1_232' title='bbox 386 4195 579 4272; x_wconf 83' lang='lat' dir='ltr'>distinc&#39;sunr</span> <span class='ocrx_word' id='word_1_233' title='bbox 596 4200 765 4290; x_wconf 87' lang='lat' dir='ltr'>imprimis</span> <span class='ocrx_word' id='word_1_234' title='bbox 779 4212 1039 4273; x_wconf 81' lang='lat' dir='ltr'>coriimemorat</span> <span class='ocrx_word' id='word_1_235' title='bbox 1058 4197 1134 4276; x_wconf 83' lang='lat' dir='ltr'>Can</span> <span class='ocrx_word' id='word_1_236' title='bbox 1157 4211 1192 4274; x_wconf 87' lang='lat'>2.</span> <span class='ocrx_word' id='word_1_237' title='bbox 1213 4157 1366 4291; x_wconf 51' lang='grc' dir='ltr'>ἔῑηῗᾷῗ</span> 
     </span>
     <span class='ocr_line' id='line_1_35' title="bbox 154 4294 1196 4392; baseline -0.006 -18"><span class='ocrx_word' id='word_1_238' title='bbox 154 4351 177 4388; x_wconf 82' lang='grc'>,,</span> <span class='ocrx_word' id='word_1_239' title='bbox 191 4353 214 4388; x_wconf 89' lang='lat'>„</span> <span class='ocrx_word' id='word_1_240' title='bbox 241 4296 433 4391; x_wconf 89' lang='lat' dir='ltr'>Episcopus</span> <span class='ocrx_word' id='word_1_241' title='bbox 448 4320 531 4371; x_wconf 90' lang='lat' dir='ltr'>cum</span> <span class='ocrx_word' id='word_1_242' title='bbox 551 4299 753 4371; x_wconf 74' lang='lat' dir='ltr'>ordinatur,</span> <span class='ocrx_word' id='word_1_243' title='bbox 770 4295 845 4371; x_wconf 89' lang='lat' dir='ltr'>duo</span> <span class='ocrx_word' id='word_1_244' title='bbox 863 4294 1023 4392; x_wconf 86' lang='lat' dir='ltr'>Episcopi</span> <span class='ocrx_word' id='word_1_245' title='bbox 1037 4311 1196 4392; x_wconf 82' lang='lat' dir='ltr'>ponant,</span> 
     </span>
     <span class='ocr_line' id='line_1_36' title="bbox 152 4393 1198 4607; baseline -0.004 -35"><span class='ocrx_word' id='word_1_246' title='bbox 152 4501 330 4576; x_wconf 82' lang='lat' dir='ltr'>cervicem</span> <span class='ocrx_word' id='word_1_247' title='bbox 356 4495 453 4585; x_wconf 81' lang='lat' dir='ltr'>ejus,</span> <span class='ocrx_word' id='word_1_248' title='bbox 472 4500 507 4571; x_wconf 74' lang='lat' dir='ltr'>sc</span> <span class='ocrx_word' id='word_1_249' title='bbox 535 4521 609 4571; x_wconf 92' lang='lat' dir='ltr'>uno</span> <span class='ocrx_word' id='word_1_250' title='bbox 628 4495 728 4594; x_wconf 88' lang='lat' dir='ltr'>super</span> <span class='ocrx_word' id='word_1_251' title='bbox 749 4520 831 4571; x_wconf 90' lang='lat' dir='ltr'>eum</span> <span class='ocrx_word' id='word_1_252' title='bbox 852 4495 1023 4607; x_wconf 80' lang='lat' dir='ltr'>fundente</span> <span class='ocrx_word' id='word_1_253' title='bbox 1046 4393 1198 4573; x_wconf 44' lang='lat' dir='ltr'>Egisti?</span> 
     </span>
     <span class='ocr_line' id='line_1_37' title="bbox 150 4594 1222 4693; baseline 0.002 -22"><span class='ocrx_word' id='word_1_254' title='bbox 150 4596 328 4682; x_wconf 78' lang='lat' dir='ltr'>ssionem,</span> <span class='ocrx_word' id='word_1_255' title='bbox 353 4596 477 4692; x_wconf 86' lang='lat' dir='ltr'>reliqui</span> <span class='ocrx_word' id='word_1_256' title='bbox 499 4619 624 4671; x_wconf 89' lang='lat' dir='ltr'>omnes</span> <span class='ocrx_word' id='word_1_257' title='bbox 644 4594 804 4691; x_wconf 86' lang='lat' dir='ltr'>Episcopi</span> <span class='ocrx_word' id='word_1_258' title='bbox 827 4649 838 4681; x_wconf 90' lang='lat'><strong>,</strong></span> <span class='ocrx_word' id='word_1_259' title='bbox 862 4599 923 4693; x_wconf 87' lang='lat' dir='ltr'>qui</span> <span class='ocrx_word' id='word_1_260' title='bbox 947 4597 1097 4681; x_wconf 80' lang='lat' dir='ltr'>adsunt,</span> <span class='ocrx_word' id='word_1_261' title='bbox 1123 4617 1195 4673; x_wconf 79' lang='lat' dir='ltr'>ms·</span> <span class='ocrx_word' id='word_1_262' title='bbox 1219 4621 1222 4626; x_wconf 89' lang='lat'>·</span> 
     </span>
     <span class='ocr_line' id='line_1_38' title="bbox 147 4696 831 4798; baseline 0.001 -25"><span class='ocrx_word' id='word_1_263' title='bbox 147 4698 255 4778; x_wconf 81' lang='lat' dir='ltr'>nibus</span> <span class='ocrx_word' id='word_1_264' title='bbox 273 4696 342 4777; x_wconf 85' lang='lat' dir='ltr'>suis</span> <span class='ocrx_word' id='word_1_265' title='bbox 363 4716 469 4798; x_wconf 80' lang='lat' dir='ltr'>ceput</span> <span class='ocrx_word' id='word_1_266' title='bbox 492 4698 566 4791; x_wconf 83' lang='lat' dir='ltr'>ejus</span> <span class='ocrx_word' id='word_1_267' title='bbox 592 4712 739 4791; x_wconf 83' lang='lat' dir='ltr'>tangant</span> <span class='ocrx_word' id='word_1_268' title='bbox 760 4752 782 4793; x_wconf 87' lang='lat'>„</span> <span class='ocrx_word' id='word_1_269' title='bbox 796 4750 831 4793; x_wconf 75' lang='lat'>„.</span> 
     </span>
    </p>

    <p class='ocr_par' dir='ltr' id='par_1_7' title="bbox 614 4791 1145 4892">
     <span class='ocr_line' id='line_1_39' title="bbox 614 4791 1145 4892; baseline 0.004 -28"><span class='ocrx_word' id='word_1_270' title='bbox 614 4791 650 4874; x_wconf 88' lang='lat' dir='ltr'><strong>G</strong></span> <span class='ocrx_word' id='word_1_271' title='bbox 681 4816 697 4892; x_wconf 78' lang='grc' dir='ltr'><strong>ς</strong></span> <span class='ocrx_word' id='word_1_272' title='bbox 1024 4798 1059 4883; x_wconf 77' lang='lat' dir='ltr'>S,</span> <span class='ocrx_word' id='word_1_273' title='bbox 1079 4795 1145 4867; x_wconf 81' lang='lat' dir='ltr'>Les</span> 
     </span>
    </p>
   </div>
   <div class='ocr_carea' id='block_1_5' title="bbox 153 4395 1043 4492">
    <p class='ocr_par' dir='ltr' id='par_1_8' title="bbox 153 4395 1043 4492">
     <span class='ocr_line' id='line_1_40' title="bbox 153 4395 1043 4492; baseline -0.006 -19"><span class='ocrx_word' id='word_1_274' title='bbox 153 4399 189 4473; x_wconf 69' lang='grc' dir='ltr'><strong>ἃ</strong></span> <span class='ocrx_word' id='word_1_275' title='bbox 212 4413 357 4473; x_wconf 89' lang='lat' dir='ltr'>teneant</span> <span class='ocrx_word' id='word_1_276' title='bbox 380 4395 651 4492; x_wconf 86' lang='lat' dir='ltr'>Evangeliorum</span> <span class='ocrx_word' id='word_1_277' title='bbox 676 4395 848 4473; x_wconf 74' lang='lat' dir='ltr'>Codicum</span> <span class='ocrx_word' id='word_1_278' title='bbox 879 4398 979 4492; x_wconf 83' lang='lat' dir='ltr'>snper</span> <span class='ocrx_word' id='word_1_279' title='bbox 1005 4419 1043 4471; x_wconf 89' lang='lat' dir='ltr'>ca</span> 
     </span>
    </p>
   </div>
   <div class='ocr_carea' id='block_1_6' title="bbox 0 0 1638 5375">
    <p class='ocr_par' dir='ltr' id='par_1_9' title="bbox 0 0 1638 5375">
     <span class='ocr_line' id='line_1_41' title="bbox 0 0 1638 5375; baseline 0 0"><span class='ocrx_word' id='word_1_280' title='bbox 0 0 1638 5375; x_wconf 95' lang='lat' dir='ltr'> </span> 
     </span>
    </p>
   </div>
  </div>
 </body>
</html>
