3200 5375
555 433 562 444 ι

157 700 165 709 ·
255 785 260 794 ⁸
342 661 413 753 De
442 661 712 754 sacramento
742 662 928 762 Ordinis.
1113 696 1195 781 ¹57

136 835 271 916 eodem
300 835 433 930 titulo;
456 838 613 912 maxime
637 836 748 912 stante
785 837 1014 936 dispositione
1035 838 1191 927 Consilii
1215 849 1218 853 ”

91 951 96 962 ’
136 933 339 1042 Tridentini
363 929 591 1012 sessionem.
617 936 662 1010 de
692 936 960 1015 Reformatione
978 958 1054 1042 cap·
1068 963 1103 1022 2.
1128 1000 1187 1039 „„
1320 1019 1322 1021 ,

136 1040 208 1110 ibr':
235 1036 312 1115 Nisi
345 1036 412 1111 illrs
439 1059 532 1131 quos
560 1034 755 1134 Episcopus
787 1039 994 1132 judicaverit
1015 1040 1190 1120 assumen-

135 1139 228 1217 dost
253 1193 276 1230 „
291 1192 314 1228 ,‚
341 1135 435 1229 Quae
460 1138 564 1211 verba
587 1139 871 1214 cumdenotent
897 1136 983 1214 boni
1014 1145 1076 1217 viri
1097 1146 1189 1221 arbi.

137 1243 272 1321 trium,
303 1234 376 1311 troc
397 1235 446 1311 est
468 1284 480 1318 ,
508 1235 729 1312 voluntatem
754 1237 881 1314 rationi
903 1237 1187 1331 submissam...

134 1340 220 1417 ideo
241 1334 267 1413 fi
286 1333 482 1432 Episcopus
495 1333 653 1433 legitime
670 1353 745 1412 non
767 1339 970 1435 interponat
981 1342 1185 1431 arbitrium,

135 1438 261 1519 Deum
293 1434 524 1512 solummodo
551 1435 705 1530 judicem
738 1438 938 1515 habebit...
965 1462 1006 1516 ac
1034 1443 1186 1539 proinde

138 1560 218 1617 uon
244 1536 384 1613 dabitur
410 1534 637 1633 Appellatio,
662 1538 722 1613 &c
747 1592 821 1630 ‚‚„.

167 1640 360 1731 segnius
380 1690 391 1724 ,
414 1638 449 1710 in
477 1653 516 1707 2.
543 1631 683 1710 Partem
716 1636 775 1712 lib.
799 1660 828 1709 r.
853 1629 1120 1726 neceesarium,
1146 1643 1185 1720 in

135 1744 216 1836 pap.
235 1740 295 1807 ’ἐκ
316 1754 452 1819 tenore,
472 1735 559 1812 illud
581 1736 625 1810 de
644 1732 785 1812 Clerico
805 1737 953 1829 saeculari
979 1741 1190 1834 intorpreta-

135 1852 215 1924 tur.
233 1833 352 1938 Caput
372 1858 489 1935 nero,
514 1838 568 1919 Ad
597 1858 718 1922 aures,
745 1836 790 1911 de
814 1833 982 1933 Regulari
1004 1861 1015 1933 ;
1037 1857 1186 1935 eamque

135 1933 290 2021 Gloria,
312 1935 514 2014 innocentii
527 1929 594 2011 IV·
617 1929 830 2022 Hostienfis,
851 1939 1051 2015 &aliorum
1074 1941 1188 2034 expli⁴

141 2041 321 2115 cntionem
344 2061 362 2113 a
391 2038 482 2111 sacra
514 2034 810 2131 congregatione
825 2034 1062 2114 Cardinalium
1085 2038 1193 2118 Con&

142 2136 214 2213 cilii
239 2128 440 2212 Tridentini
456 2133 695 2229 Interpreturn
728 2138 913 2234 probatam
936 2139 1104 2231 testatur;
1125 2164 1188 2243 ne.
1251 2216 1253 2219 ,

137 2254 220 2313 rum
246 2234 468 2313 Decretalem
495 2238 550 2306 Ex
569 2253 680 2305 tenore
697 2234 789 2319 ,hac
812 2238 847 2312 in
873 2252 971 2335 parte
991 2240 1185 2319 correctam
1260 2226 1271 2257 ⁸

135 2329 237 2414 fuisse
261 2340 310 2413 air
339 2348 386 2412 ex
418 2338 494 2429 jure
522 2332 713 2414 novislruro
743 2328 895 2413 Concilii
924 2329 1186 2419 Tridentiniin

135 2432 1188 2633 dt·irisniirllitisllilti'sitinii”inti
1262 2544 1264 2548 ·

136 2659 274 2734 gnere,
298 2637 479 2721 statuitur,
503 2653 545 2713 ut
568 2638 623 2719 ei,
652 2636 712 2712 cui
731 2634 886 2715 ascensus
911 2639 955 2713 ad
979 2637 1092 2716 sacros
1111 2634 1185 2717 Or·

136 2737 238 2811 dines
262 2760 282 2810 a
304 2737 368 2814 suo
387 2733 536 2813 Praelnto
558 2759 604 2812 ex
627 2758 857 2831 quacumque
885 2737 982 2813 causa
1009 2742 1114 2814 eriam
1133 2740 1186 2816 ob

139 2833 329 2914 occultum
369 2839 533 2922 crimen,
564 2835 842 2934 quomodolibet
879 2838 1187 2934 extrajudicialiter

134 2932 243 3012 suerit
267 2932 487 3021 interdictus,
508 2953 570 3012 aut
589 2936 651 3032 qui
669 2959 688 3009 a
712 2935 777 3011 suis
799 2932 1014 3021 Ordinibus,
1031 2935 1085 3013 seu
1105 2961 1187 3032 gra·

137 3033 242 3111 dibus
254 3081 264 3112 2
276 3035 332 3112 rel
353 3033 596 3132 Dignitatibus
614 3032 847 3112 ecclesiasticis
866 3035 1065 3131 suspensum
1088 3033 1185 3125 nulla

137 3152 263 3210 contra
285 3132 390 3232 ipsius
409 3135 544 3212 Praelati
561 3134 783 3210 voluntatem
798 3132 958 3211 concessa
980 3136 1117 3212 licentia
1137 3137 1183 3213 de

137 3233 173 3316 ie
185 3238 391 3331 promoveri
409 3235 593 3319 iaciendo,
612 3233 732 3310 autad
749 3238 881 3331 priores
904 3231 1081 3314 Ordines,
1103 3259 1188 3332 gra-

137 3331 228 3420 dua,
256 3337 293 3411 &
324 3334 535 3433 dignitates,
553 3332 622 3409 five
644 3331 800 3408 honores
824 3333 994 3411 restitutio
1020 3334 1186 3433 suffrage-

138 3442 208 3512 iur·
227 3486 249 3528 ,,
260 3490 282 3526 ,‚
306 3426 414 3511 Unde
430 3439 448 3528 <
458 3435 567 3528 inquit
580 3427 775 3525 signanus)
793 3456 839 3510 ex
854 3433 1019 3512 sententia
1039 3437 1073 3513 S.
1085 3433 1187 3511 Con·

166 3538 356 3630 negationis
378 3532 532 3612 Consilii
549 3555 595 3608 eo
617 3527 777 3609 Decreto
794 3538 985 3641 corrigitur
1006 3534 1188 3634 dispositio

177 3649 278 3710 extus
299 3633 409 3710 nostri
427 3633 462 3710 in
486 3657 524 3711 ea
544 3647 666 3729 parte,
685 3635 722 3707 in
745 3656 816 3728 qua
834 3630 1043 3709 determinat
1066 3636 1186 3713 crinrl·
1208 3709 1210 3712 ,

136 3723 263 3811 nusum
282 3733 468 3811 occultum
486 3731 552 3809 elle
573 3732 830 3810 tantummodo
855 3732 1186 3819 commonendum,

135 3830 292 3909 sednon
320 3833 583 3928 prohibendum
611 3830 796 3908 ascendere
818 3831 861 3907 ad
891 3831 1086 3930 superiores
1115 3829 1191 3910 Or·

135 3922 261 4022 dlnes;
286 3933 322 4008 dc
351 3928 532 4029 dispositio
560 3928 693 4029 Capitis
719 3932 874 4030 proximi
894 3984 905 4016 ,
923 3932 1023 4028 quod
1048 3931 1092 4007 de
1116 3929 1189 4008 Re·

133 4032 315 4130 gularibus
340 4031 519 4129 loquitur,
540 4031 742 4107 extenditur
761 4030 926 4107 etiamad
951 4031 1108 4108 Clericus
1127 4031 1190 4104 sae·

141 4131 302 4214 culares3
319 4155 359 4207 ac
383 4149 547 4225 praeterea
570 4132 757 4224 ampliatur
782 4135 818 4206 in
844 4154 916 4209 eo,
940 4134 1021 4226 quia
1050 4129 1193 4228 Episco⁴

136 4253 206 4330 pus
232 4253 307 4307 non
332 4232 443 4307 sulum
465 4231 580 4329 potest
606 4233 655 4306 ob
685 4233 819 4305 crimen
846 4232 1030 4306 occultum
1066 4229 1190 4324 probi·

136 4331 222 4407 bere
242 4323 418 4406 ascensum
439 4333 481 4406 ad
508 4329 686 4414 Ordines,
706 4327 792 4405 sicut
809 4344 975 4427 poterant
998 4331 1126 4424 praelati
1151 4332 1189 4405 in

136 4434 212 4506 'vim
244 4432 324 4508 diiii
349 4431 481 4529 Capitis
497 4433 676 4528 proximi,
699 4429 879 4504 sedetiam
902 4453 962 4506 eos
985 4429 1190 4524 suspendere

136 4531 183 4607 db
217 4525 415 4607 Ordinibus
441 4584 452 4614 ‚
475 4531 641 4627 gradibus
669 4531 738 4613 ,dr
774 4532 1004 4625 dignitatibus
1043 4531 1111 4624 jam
1137 4530 1193 4602 su·

137 4626 292 4729 scepsis,
322 4629 425 4730 quod
447 4654 514 4709 nec
541 4628 740 4729 Episcopo,
763 4652 830 4706 nec
856 4628 1004 4708 Praelatis
1022 4627 1192 4804 regbulari·

930 4804 934 4811 .
982 4763 989 4778 ·
1098 4748 1139 4804 us
1277 4788 1292 4807 κ
