3200 5375
962 810 1106 907 De
1160 811 1573 913 simoniass
2197 832 2384 925 γον·

265 983 396 1067 ino
424 979 770 1083 recipiens
787 1039 810 1072 ‚
854 985 1058 1085 quod
1092 984 1296 1084 super
1324 983 1736 1084 provissone
1766 983 1882 1066 sua
1910 997 2062 1064 non
2092 987 2393 1087 {aquic-2

270 1106 378 1167 tet
429 1085 834 1180 'eumdem3
897 1084 1295 1164 Ordinator
1337 1112 1379 1164 a
1431 1088 1818 1164 collatione
1844 1140 1868 1174 ,
1913 1087 2425 1186 praesentatot·'¹

273 1210 452 1264 vero
491 1190 581 1263 ab
622 1189 1050 1263 executione
1086 1186 1425 1264 ordinum
1461 1210 1588 1285 per
1635 1188 2012 1264 triennium
2038 1243 2060 1274 ,
2109 1190 2194 1276 ἃ,
2218 1184 2375 1268 Or..

275 1283 560 1380 dinatus
596 1288 685 1363 ab
714 1285 963 1362 ordine
985 1284 1080 1362 iic
1117 1284 1475 1386 suscepto,
1502 1286 1739 1363 donec
1779 1285 2386 1383 dispensationem

277 1389 481 1485 super
523 1386 671 1463 hoc
721 1408 847 1482 per
895 1384 1152 1463 Sedem
1212 1386 1678 1484 apostolicam
1716 1388 2042 1464 obtinere
2094 1410 2374 1466 merue-

277 1489 819 1572 rint,noverint
837 1485 901 1562 se
928 1484 1283 1583 suspensos
1306 1538 1352 1573 ,,
1373 1527 1444 1579 ,,.
1497 1485 1735 1582 Pergit
1760 1484 2045 1564 Gloss‘at
2079 1533 2185 1580 „„
2228 1486 2373 1564 Sed

275 1587 644 1665 inferiores
684 1583 951 1663 Praelati
986 1609 1141 1661 non
1184 1584 1473 1684 possunt
1504 1586 1898 1685 dispensare
1943 1610 2110 1665 cum
2151 1587 2375 1664 scien·

244 1686 544 1773 ·te,'sed
590 1684 827 1785 Papa;
867 1687 1014 1762 hoc
1048 1686 1214 1763 ideo
1244 1738 1265 1766 ‚
1303 1689 1468 1786 quia
1503 1687 1684 1762 bene
1728 1702 2070 1785 purgatur
2119 1691 2377 1766 vitium

274 1788 481 1874 furti,
516 1809 594 1863 re
645 1787 901 1862 furtiva
927 1787 1117 1879 apud
1159 1784 1390 1866 furem
1420 1801 1827 1863 remanente
1866 1791 1959 1863 de
2001 1787 2378 1865 voluntate

277 1885 631 1972 Domini,
659 1880 743 1975 ff.
795 1891 904 1959 De
944 1887 1136 1974 Ufim
1187 1891 1272 1957 1..
1309 1891 1382 1957 Sr‘
1414 1883 1560 1974 fur.
1599 1891 1684 1957 (θ’
1720 1885 1887 1975 caeufi
1926 1903 1991 1970 ι.
2043 1909 2149 1981 qu.
2185 1904 2251 1958 1.
2291 1892 2375 1969 C.

271 1997 442 2083 quor!
500 1990 801 2082 quidam,
839 1987 1008 2072 ver-fi
1067 1988 1140 2057 se·
1175 1982 1362 2077 forte
1420 1988 1695 2058 matitia
1736 1988 2127 2060 evaderem
2150 2038 2172 2075 ,
2226 1989 2373 2060 &a

281 2087 423 2163 Sed
470 2108 637 2164 cum
681 2084 979 2162 simonia
1031 2082 1401 2163 commissa
1442 2087 1539 2163 est
1588 2090 1969 2184 ignorante
2016 2087 2141 2165 illo
2179 2140 2202 2173 ,
2256 2089 2377 2165 cui

279 2186 698 2283 acquisitum
727 2188 826 2263 est
864 2185 1290 2266 beneficium
1314 2241 1334 2273 ,
1382 2188 1493 2283 vel
1535 2192 1660 2286 qui
1701 2188 2074 2275 ordinem,
2111 2186 2221 2264 vel
2266 2188 2381 2264 di·

277 2290 625 2384 gnitatem
702 2288 999 2383 adeptus
1045 2288 1144 2383 est
1215 2290 1677 2384 ignoranter,
1717 2285 2006 2383 poffunt
2050 2285 2382 2387 Episcopi

277 2386 662 2481 dispensare
722 2386 883 2485 post
931 2388 1222 2463 liberam
1281 2387 1857 2486 resignationem.
1906 2386 2050 2466 Sed
2102 2394 2178 2464 in
2228 2388 2380 2467 hod

275 2486 678 2585 distinguo:
725 2489 797 2563 Si
827 2485 1249 2566 beneficium
1285 2492 1495 2565 etiam
1524 2487 1823 2584 simplex
1863 2512 1961 2587 *eo
2009 2489 2236 2565 modo
2273 2489 2377 2567 est

275 2588 618 2685 adeptus,
652 2589 880 2663 statim
927 2585 1090 2683 post
1135 2585 1681 2686 resignationem
1726 2590 1961 2685 potest
1997 2588 2251 2666 resumi
2284 2581 2382 2665 ad

275 2689 452 2765 illud
499 2688 993 2784 dispensative,
1033 2703 1115 2764 ut
1161 2690 1406 2787 supra,
1477 2694 1586 2760 De
1633 2689 1979 2774 erectione,
2021 2712 2077 2765 c.
2134 2692 2209 2759 Si
2248 2689 2379 2759 ali.

277 2788 486 2879 cnjus.
540 2787 620 2862 ln
661 2788 821 2872 ilio,
868 2789 990 2887 qui
1029 2787 1447 2883 dignitatem
1487 2785 1580 2865 sic
1607 2787 1707 2864 est
1746 2786 2046 2886 adeptus
2078 2827 2102 2873 1
2135 2788 2379 2865 distin.

276 2910 465 2986 gne.
514 2885 563 2962 ii
589 2891 840 2982 sponte
870 2884 1222 2984 resignat,
1251 2902 1501 2987 petens
1546 2887 1910 2963 humiliter
1963 2885 2377 2986 resignatio-

278 3010 448 3063 nem
489 2985 1058 3070 admitti‚statim
1097 2988 1330 3082 potest
1364 2985 1752 3085 Episcopus
1792 2986 2175 3085 dispensare
2199 3002 2378 3068 cum

279 3087 459 3174 ilio,
500 3089 577 3163 δι
639 3087 729 3164 ad
801 3089 1125 3163 eamdem
1181 3084 1655 3170 Praelaturam.
1717 3086 1907 3176 Ceus.
1957 3111 2021 3161 1.
2077 3111 2144 3184 q⁴
2179 3109 2246 3178 ς.
2302 3095 2381 3164 C·

278 3185 717 3278 ensentium·
769 3185 913 3265 Ubi
966 3185 1394 3284 dispensatur
1442 3191 1516 3291 in
1589 3189 1935 3290 dignitate
1972 3179 2381 3270 assumenda

278 3306 449 3366 cum
486 3310 615 3374 eo,
647 3295 770 3390 qui
796 3290 1046 3388 sponte
1082 3290 1510 3365 renuntiavit
1549 3291 1784 3367 ordini
1815 3293 2225 3387 ignoranter
2265 3305 2377 3366 re·

279 3405 522 3486 cepto.
571 3385 647 3465 Si
687 3411 863 3465 vero
903 3386 996 3464 de
1029 3386 1178 3464 hoc
1225 3386 1606 3466 contendit
1647 3394 1719 3467 in
1770 3389 2041 3484 judicio
2066 3435 2086 3466 ‚
2120 3391 2195 3465 dt
2234 3389 2384 3466 ele.

278 3489 421 3566 ctio
462 3487 577 3566 sua
629 3489 1005 3584 reprobata
1053 3488 1301 3575 fuerit,
1335 3492 1499 3588 quia
1546 3488 1927 3568 simoniace
1973 3487 2108 3567 fuit
2146 3489 2320 3567 facta
2347 3534 2375 3578 ,

276 3590 445 3665 lieet
491 3612 583 3665 eo
630 3591 1052 3687 ignorante,
1085 3605 1262 3665 tunc
1294 3587 1682 3687 Episcopus
1725 3588 1837 3666 illa
1884 3592 2034 3666 vice
2079 3611 2248 3667 cum
2280 3615 2378 3669 eo

277 3694 726 3882 affaris?
752 3685 1181 3878 ‘fisce-¹5:52:
1208 3687 1331 3867 set
1364 3687 1755 3868 mai·
1783 3689 2379 3887 cif‘zrzassass‘g·

514 3831 537 3870 2
700 3838 718 3858 .
1166 3844 1183 3863 .
2346 3825 2386 3859 ι

280 3889 358 3966 di
415 3885 1001 3987 dispensationem
1059 3885 1616 3968 simoniacorum
1667 3940 1717 3978 η
1754 3931 1827 3982 ,ν
2262 3950 2278 3990 ,ι

380 3986 706 4067 Secunda
752 4012 908 4087 pars
944 3984 1245 4086 Regulae
1277 3990 1534 4066 nostrae
1567 3989 2033 4075 confirmatur
2069 4009 2162 4066 ex
2204 3989 2386 4058 Gre-

268 4093 465 4183 gorio
492 4092 623 4161 IX.
667 4111 828 4187 cap.
885 4093 953 4158 Sa·
998 4087 1283 4180 alicujus
1317 4139 1342 4176 ,
1401 4087 1563 4172 Ext.
1623 4094 1733 4163 De
1772 4087 2105 4160 Hemone
2137 4137 2161 4171 ,
2199 4100 2382 4165 mox

285 4189 599 4272 laudato.
642 4232 758 4281 n„
816 4186 888 4264 Si
930 4185 1221 4285 aiicujus
1261 4189 1678 4266 electionem
1706 4185 1978 4284 (inquit
1994 4181 2035 4278 )
2086 4202 2385 4288 propter

281 4287 653 4366 simoniam
681 4337 705 4376 ,
729 4313 818 4366 eo
847 4293 1226 4386 ignorante
1249 4343 1269 4376 ,
1297 4310 1381 4364 ac
1407 4303 1637 4367 ratum
1666 4311 1817 4367 non
1844 4288 2149 4366 habente
2176 4311 2387 4363 com·

281 4385 598 4479 missam,
650 4391 1091 4486 contingerit
1129 4389 1530 4483 reprobari3
1566 4411 1735 4467 cum
1774 4413 1866 4466 eo
1903 4391 2105 4484 super
2141 4385 2388 4483 praela·

281 4495 486 4565 tione
517 4543 539 4574 ,
579 4490 665 4565 ad
707 4513 923 4586 quam
975 4487 1202 4564 taliter
1244 4488 1469 4566 suerat
1517 4488 1775 4566 elesius
1802 4543 1822 4574 ,
1868 4488 1979 4565 illa
2020 4494 2177 4579 vice
2227 4501 2388 4565 non

260 4589 521 4686 potest
551 4585 942 4686 Episcopus
979 4586 1383 4686 dispensare·
1436 4583 1787 4680 Quamvis
1809 4591 1991 4666 circa
2016 4609 2222 4670 eum,
2256 4585 2390 4686 qui

279 4693 697 4788 ignoranter
749 4690 1000 4787 recipit
1045 4687 1342 4788 simplex
1403 4688 1831 4771 beneficium
1878 4706 2008 4791 pet
2052 4687 2386 4766 simonia·

2097 4807 2287 4866 cam
