3200 5375
390 533 394 548 ι
1520 515 1522 534 s

344 717 448 810 ·Du
475 714 747 819 sacramento
778 643 961 820 Ordinis.
1130 745 1233 829 .119

187 969 199 988 ,
226 892 275 976 lt
302 891 486 976 Secundus
503 888 698 974 Sacerdotii
717 889 847 990 gradus
879 893 928 971 est
949 869 1228 991 Episcopo'ruin,
1267 890 1412 990 Episcopi

182 1000 248 1096 oui
275 993 418 1094 singuiis
444 989 713 1088 Episcopatibus
742 991 918 1089 prepofiti
940 992 1021 1070 sunt
1049 1036 1060 1072 2
1086 1012 1231 1077 utnon
1308 1058 1312 1064 -
1430 1014 1434 1024 ’

175 1098 295 1178 solum
322 1111 469 1172 caeteros
497 1090 657 1170 Ecciefiae
687 1092 894 1179 ministros,
916 1092 973 1169 sed
994 1092 1134 1171 fidelem
1163 1120 1232 1192 po,
1386 1169 1388 1174 .

176 1199 306 1298 pulum
336 1208 504 1291 regant,
541 1195 578 1269 &
609 1216 733 1284 eorum
768 1192 865 1268 saluti
907 1192 1041 1276 summa
1070 1219 1154 1273 cum
1180 1199 1231 1276 vi,
1432 1192 1438 1202 ’

167 1297 402 1400 igninum&
432 1316 513 1370 cura
542 1291 768 1391 prospiciant,
798 1291 903 1369 Unde
925 1298 958 1369 in
986 1293 1084 1370 siseris
1104 1294 1231 1380 Literis

179 1396 327 1481 Pastoris
346 1394 556 1491 oviumsaepe
575 1393 802 1490 appellantur.
833 1391 1028 1494 Deqnibus
1040 1397 1231 1493 Apostolus

179 1501 258 1586 Ati.
288 1517 348 1582 20,
390 1493 565 1568 Attendite
583 1491 693 1576 ¹recissis
712 1549 723 1582 ,
740 1497 782 1566 (e
803 1495 955 1587 uniuerso
972 1503 1087 1591 gregi,
1108 1503 1144 1568 iii
1166 1519 1230 1591 quo

161 1611 247 1674 *νος
268 1600 413 1688 Spiritus
423 1596 552 1692 [ansus
577 1594 685 1689 posuit
720 1592 891 1688 Episcopus
923 1617 1033 1688 regere
1055 1594 1238 1685 Ecclefiinp

183 1698 274 1790 Dei,
291 1691 387 1796 pram
407 1693 583 1792 acpuiftvit
601 1694 837 1787 Sanguinesao.
867 1692 910 1778 Et
925 1695 958 1771 S.
974 1695 1096 1775 Petrus
1119 1696 1226 1796 Epist,

185 1823 219 1890 1.
244 1825 275 1877 c.
295 1821 328 1894 ς,
349 1794 496 1893 poscite,
514 1796 625 1892 quiin
653 1791 747 1864 vobis
766 1793 830 1874 eii,
849 1819 981 1890 gregem
1006 1801 1076 1869 Dei
1088 1839 1099 1875 2
1116 1802 1236 1887 prorii-
1380 1815 1384 1829 ’

180 1907 293 1976 dentes
314 1922 377 1970 non
399 1895 524 1985 cussie,
542 1900 596 1983 icis
615 1894 788 1990 sparsionis
806 1894 982 1982 strunium·
1011 1901 1150 1979 'Deum
1180 1923 1237 1978 ne,
1274 1913 1278 1926 ‘

182 2026 244 2098 que
261 2003 370 2094 turpis
388 1998 473 2068 sutri
493 1998 607 2091 gretie
631 1994 714 2085 ,sed
736 1996 927 2067 voluntarie
947 2019 960 2089 ;
987 2021 1087 2095 neque
1115 2018 1155 2072 ut
1182 2002 1241 2069 dos

184 2106 349 2186 minanter
365 2102 399 2169 in
418 2099 540 2190 cieris,
554 2094 608 2182 sed
617 2093 730 2186 fhrme
751 2094 840 2187 frisii
845 2102 958 2192 gregis
979 2122 1021 2168 ex
1042 2101 1176 2182 animm·
1196 2100 1242 2174 (θ’

185 2227 259 2276 rum
286 2204 474 2293 apperuerit
503 2199 662 2296 Princeps
670 2194 834 2289 passorum
853 2242 863 2275 ,
885 2196 1079 2291 percipietis
1103 2205 1242 2277 immor,

186 2297 652 2393 restibilemgsoriaecoronam.
679 2298 935 2395 Apostolorum
959 2298 1026 2392 (ut
1038 2301 1135 2396 dixi)
1151 2301 1239 2379 Suc·

185 2400 339 2482 cessores
359 2401 438 2477 sunt
456 2397 751 2494 Epss00913uiide
773 2407 804 2475 S.
821 2403 961 2482 Hieron,
984 2407 1027 2476 ad
1049 2403 1240 2476 Marcellam

189 2504 343 2590 scribens
365 2499 525 2576 adversus
555 2498 810 2580 dlontanistass
836 2556 894 2592 „‚‚
925 2503 1028 2598 apud
1050 2526 1117 2581 nos
1146 2507 1246 2600 Apo·
1292 2531 1294 2535 ’

188 2602 366 2682 stolorum
391 2600 514 2678 locum
541 2595 704 2698 Episcopi
729 2618 851 2677 tenent
870 2644 878 2673 ,
899 2600 994 2699 apud
1016 2626 1077 2678 eos
1101 2600 1246 2700 Episcoi

190 2728 260 2804 pus
280 2704 400 2779 tertius
419 2701 493 2786 cst}
512 2706 562 2770 (r
576 2704 610 2769 t'n
638 2698 740 2787 Epis.
773 2706 814 2768 ad
839 2702 1022 2791 liudgerum
1048 2724 1058 2780 :
1086 2702 1247 2779 Ubicun-

222 2802 379 2879 uesuetit
395 2797 613 2899 Episcopus,
634 2798 702 2888 fiee
721 2799 867 2885 Romae,
893 2801 962 2879 five
981 2799 1154 2899 Eugubii.
1173 2795 1258 2878 sree'

231 2900 540 2996 onstantinopoli,
567 2900 635 2975 sive
662 2900 791 2995 Regii,
813 2900 881 2975 sive
913 2900 1153 2986 nlexandriae,
1175 2901 1245 2983 sisu

190 2998 324 3088 Tenis,
348 2999 500 3097 eJusdem
527 3003 642 3076 meriti
665 3056 674 3084 ,
697 2999 852 3095 ejusdcm
891 3001 939 3075 eii
969 3002 1004 3074 dc
1035 3002 1243 3081 Sacerdotii.

190 3101 362 3183 Patientia
390 3101 588 3175 divitiarum
613 3155 623 3184 ,
649 3103 684 3175 dc
713 3103 925 3196 paupertatis
956 3100 1157 3183 humilitas,
1187 3098 1243 3184 vel

193 3200 547 3294 sublimiorem,ch
573 3200 773 3275 inferiorem
798 3198 1011 3296 Episcopum
1044 3224 1118 3275 non
1149 3198 1243 3282 faciti

195 3298 376 3381 Caeterum
401 3323 528 3375 omnes
554 3299 807 3395 Apostolorum
833 3299 1053 3376 Successorc's
1076 3300 1154 3376 sunt
1174 3353 1239 3391 „‚‚.

193 3406 294 3496 Hinc
314 3408 347 3468 S·
363 3401 516 3468 Parianus
542 3395 807 3475 Barcinonensis
830 3399 1020 3495 Episcopus
1045 3455 1055 3484 ‚
1079 3397 1186 3496 Epist·
1209 3422 1240 3471 r.

172 3504 255 3597 '„„
285 3499 453 3594 Denique
489 3495 715 3595 (inquir)&
755 3497 915 3597 Episcopi
945 3499 1102 3595 Apostoli
1129 3501 1245 3574 nomi·

193 3618 356 3684 nentur,
382 3598 470 3675 sicut
499 3597 543 3674 de
578 3596 824 3696 Epaphrodito
855 3598 977 3674 Pauius
1007 3599 1136 3673 disserit
1169 3600 1241 3678 &ci
1310 3652 1323 3687 s

193 3698 297 3780 Deus
318 3702 373 3794 jus
403 3699 488 3774 illud
518 3700 619 3774 nobis
645 3748 655 3781 ,
683 3718 722 3773 ut
744 3698 999 3792 Apostolorum
1026 3697 1241 3776 Cathedram

198 3803 401 3883 tenentibus
435 3821 510 3873 non
537 3800 680 3894 negabit
704 3840 714 3875 2
735 3802 795 3895 qni
821 3796 981 3895 Episcopi
1015 3804 1120 3873 etiam
1145 3799 1241 3874 unici
1273 3799 1275 3803 ’
1343 3832 1351 3839 ·

198 3898 397 3977 suinomen
421 3896 572 3974 indulfit.
612 3898 734 3976 Nemo
756 3896 967 3994 Episcopum
986 3892 1138 3974 hominis
1154 3922 1246 3973 con·

179 3999 432 4096 'tenipiatione
465 3996 640 4095 despiciat·
676 3999 953 4081 Recordentur,
989 4000 1088 4095 quod
1125 3996 1246 4073 Petrus

196 4101 390 4195 Apostolus
410 4095 612 4173 Dominum
628 4099 786 4177 nostrum
804 4095 1014 4192 Episcopum
1033 4099 1248 4174 nominaris·
1361 4160 1367 4175 .

196 4199 299 4293 Quid
320 4198 495 4295 Episcopo
519 4199 723 4291 negabitur,
748 4200 781 4270 in
807 4221 882 4296 quo
910 4195 977 4270 Dei
1002 4220 1134 4271 nomen
1161 4220 1249 4290 ope·

195 4315 293 4375 ratur
315 4357 337 4391 „
351 4301 400 4390 „s
420 4295 462 4372 Et
487 4299 604 4374 mirito
628 4317 708 4372 ante
727 4303 757 4372 5.
772 4301 865 4385 Cypn
889 4294 991 4392 Epist.
1011 4306 1071 4384 69.
1099 4297 1142 4371 de
1167 4295 1252 4391 Epi·

197 4398 315 4495 scopis
343 4401 478 4475 scribit:
506 4454 527 4489 ,‚
553 4400 730 4495 dpostolis
778 4401 900 4473 vicaria
928 4400 1152 4471 ordinitione
1174 4397 1250 4471 suc·

193 4501 378 4592 „ceduno
412 4502 458 4566 Et
491 4498 592 4590 Epist·
606 4516 665 4586 63·
692 4497 886 4597 Episcopus
912 4494 1070 4572 Eccniiis
1092 4500 1247 4570 domini-

191 4653 216 4692 „
233 4599 283 4676 sis
300 4602 339 4678 iu
351 4617 434 4680 toto
452 4598 591 4687 mundo
605 4601 720 4783 dihina
736 4599 941 4695 dignatione
955 4598 1217 4771 praepostrffiw
