<?xml version="1.0" encoding="UTF-8"?>
<!DOCTYPE html PUBLIC "-//W3C//DTD XHTML 1.0 Transitional//EN"
    "http://www.w3.org/TR/xhtml1/DTD/xhtml1-transitional.dtd">
<html xmlns="http://www.w3.org/1999/xhtml" xml:lang="en" lang="en">
 <head>
  <title>
</title>
<meta http-equiv="Content-Type" content="text/html;charset=utf-8" />
  <meta name='ocr-system' content='tesseract 3.04.00' />
  <meta name='ocr-capabilities' content='ocr_page ocr_carea ocr_par ocr_line ocrx_word'/>
</head>
<body>
  <div class='ocr_page' id='page_1' title='image "./theologiadogmat01alexgoog_0385.png"; bbox 0 0 3200 5375; ppageno 0'>
   <div class='ocr_carea' id='block_1_1' title="bbox 476 705 1185 823">
    <p class='ocr_par' dir='ltr' id='par_1_1' title="bbox 476 705 1185 823">
     <span class='ocr_line' id='line_1_1' title="bbox 476 705 1185 823; baseline 0.007 -24"><span class='ocrx_word' id='word_1_1' title='bbox 476 705 547 799; x_wconf 87' lang='lat' dir='ltr'>De</span> <span class='ocrx_word' id='word_1_2' title='bbox 577 705 779 802; x_wconf 76' lang='lat' dir='ltr'>simonie.</span> <span class='ocrx_word' id='word_1_3' title='bbox 1099 736 1185 823; x_wconf 72' lang='lat'>427</span> 
     </span>
    </p>
   </div>
   <div class='ocr_carea' id='block_1_2' title="bbox 140 874 1359 2670">
    <p class='ocr_par' dir='ltr' id='par_1_2' title="bbox 140 874 1192 1582">
     <span class='ocr_line' id='line_1_2' title="bbox 187 874 1183 984; baseline 0.006 -22"><span class='ocrx_word' id='word_1_4' title='bbox 187 880 357 962; x_wconf 81' lang='lat' dir='ltr'>Preterea</span> <span class='ocrx_word' id='word_1_5' title='bbox 381 881 414 984; x_wconf 80' lang='lat' dir='ltr'>S,</span> <span class='ocrx_word' id='word_1_6' title='bbox 428 874 571 962; x_wconf 71' lang='lat' dir='ltr'>Thomas</span> <span class='ocrx_word' id='word_1_7' title='bbox 593 905 653 981; x_wconf 88' lang='lat' dir='ltr'>qu.</span> <span class='ocrx_word' id='word_1_8' title='bbox 670 904 705 972; x_wconf 82' lang='lat'>3,</span> <span class='ocrx_word' id='word_1_9' title='bbox 729 896 794 959; x_wconf 83' lang='lat' dir='ltr'>art·</span> <span class='ocrx_word' id='word_1_10' title='bbox 811 900 847 971; x_wconf 80' lang='lat'>3.</span> <span class='ocrx_word' id='word_1_11' title='bbox 870 880 1027 962; x_wconf 61' lang='lat' dir='ltr'>rotunde</span> <span class='ocrx_word' id='word_1_12' title='bbox 1048 881 1183 968; x_wconf 69' lang='lat' dir='ltr'>riserit}</span> 
     </span>
     <span class='ocr_line' id='line_1_3' title="bbox 141 981 1187 1082; baseline 0.002 -23"><span class='ocrx_word' id='word_1_13' title='bbox 141 1041 165 1082; x_wconf 81' lang='lat'>,‚</span> <span class='ocrx_word' id='word_1_14' title='bbox 181 985 402 1079; x_wconf 74' lang='lat' dir='ltr'>Quicunque</span> <span class='ocrx_word' id='word_1_15' title='bbox 417 981 618 1078; x_wconf 86' lang='lat' dir='ltr'>proaliquo</span> <span class='ocrx_word' id='word_1_16' title='bbox 637 983 824 1079; x_wconf 90' lang='lat' dir='ltr'>temporali</span> <span class='ocrx_word' id='word_1_17' title='bbox 840 985 1041 1062; x_wconf 88' lang='lat' dir='ltr'>commodo</span> <span class='ocrx_word' id='word_1_18' title='bbox 1051 989 1111 1062; x_wconf 88' lang='lat' dir='ltr'>dat</span> <span class='ocrx_word' id='word_1_19' title='bbox 1124 985 1187 1062; x_wconf 84' lang='lat' dir='ltr'>ali·</span> 
     </span>
     <span class='ocr_line' id='line_1_4' title="bbox 140 1080 1188 1184; baseline 0 -23"><span class='ocrx_word' id='word_1_20' title='bbox 140 1141 166 1180; x_wconf 82' lang='lat'>„</span> <span class='ocrx_word' id='word_1_21' title='bbox 182 1086 284 1184; x_wconf 83' lang='lat' dir='ltr'>quod</span> <span class='ocrx_word' id='word_1_22' title='bbox 305 1080 501 1173; x_wconf 85' lang='lat' dir='ltr'>lpnituaie,</span> <span class='ocrx_word' id='word_1_23' title='bbox 524 1084 577 1154; x_wconf 84' lang='lat' dir='ltr'>vei</span> <span class='ocrx_word' id='word_1_24' title='bbox 597 1104 797 1165; x_wconf 84' lang='lat' dir='ltr'>annexum,</span> <span class='ocrx_word' id='word_1_25' title='bbox 815 1080 1002 1162; x_wconf 83' lang='lat' dir='ltr'>limoniam</span> <span class='ocrx_word' id='word_1_26' title='bbox 1017 1089 1188 1162; x_wconf 87' lang='lat' dir='ltr'>commit·</span> 
     </span>
     <span class='ocr_line' id='line_1_5' title="bbox 144 1179 1189 1284; baseline 0.005 -27"><span class='ocrx_word' id='word_1_27' title='bbox 144 1239 169 1279; x_wconf 85' lang='lat'>,‚</span> <span class='ocrx_word' id='word_1_28' title='bbox 183 1199 226 1260; x_wconf 87' lang='lat' dir='ltr'>trt</span> <span class='ocrx_word' id='word_1_29' title='bbox 244 1229 278 1276; x_wconf 68' lang='lat'>„0</span> <span class='ocrx_word' id='word_1_30' title='bbox 315 1184 393 1257; x_wconf 88' lang='lat' dir='ltr'>Nec</span> <span class='ocrx_word' id='word_1_31' title='bbox 411 1179 680 1258; x_wconf 79' lang='lat' dir='ltr'>discernendum</span> <span class='ocrx_word' id='word_1_32' title='bbox 694 1185 831 1269; x_wconf 84' lang='lat' dir='ltr'>innuit,</span> <span class='ocrx_word' id='word_1_33' title='bbox 844 1207 888 1259; x_wconf 89' lang='lat' dir='ltr'>au</span> <span class='ocrx_word' id='word_1_34' title='bbox 907 1184 1189 1284; x_wconf 86' lang='lat' dir='ltr'>detortanqoam</span> 
     </span>
     <span class='ocr_line' id='line_1_6' title="bbox 144 1279 1191 1383; baseline 0.001 -24"><span class='ocrx_word' id='word_1_35' title='bbox 144 1288 301 1383; x_wconf 89' lang='lat' dir='ltr'>pretium</span> <span class='ocrx_word' id='word_1_36' title='bbox 327 1285 375 1356; x_wconf 88' lang='lat' dir='ltr'>rei</span> <span class='ocrx_word' id='word_1_37' title='bbox 393 1279 596 1376; x_wconf 66' lang='lat' dir='ltr'>i&#39;piritoalisa</span> <span class='ocrx_word' id='word_1_38' title='bbox 615 1281 668 1357; x_wconf 86' lang='lat' dir='ltr'>rei</span> <span class='ocrx_word' id='word_1_39' title='bbox 695 1286 873 1358; x_wconf 88' lang='lat' dir='ltr'>motivum</span> <span class='ocrx_word' id='word_1_40' title='bbox 899 1282 957 1360; x_wconf 81' lang='lat' dir='ltr'>seu</span> <span class='ocrx_word' id='word_1_41' title='bbox 979 1290 1191 1362; x_wconf 85' lang='lat' dir='ltr'>incitamen·</span> 
     </span>
     <span class='ocr_line' id='line_1_7' title="bbox 144 1379 1192 1474; baseline 0 -13"><span class='ocrx_word' id='word_1_42' title='bbox 144 1406 224 1461; x_wconf 91' lang='lat' dir='ltr'>tum</span> <span class='ocrx_word' id='word_1_43' title='bbox 247 1379 387 1458; x_wconf 72' lang='lat' dir='ltr'>uertens</span> <span class='ocrx_word' id='word_1_44' title='bbox 406 1382 551 1474; x_wconf 81' lang='lat' dir='ltr'>aiicujus</span> <span class='ocrx_word' id='word_1_45' title='bbox 584 1384 742 1456; x_wconf 85' lang='lat' dir='ltr'>animum</span> <span class='ocrx_word' id='word_1_46' title='bbox 769 1383 813 1458; x_wconf 80' lang='lat' dir='ltr'>ad</span> <span class='ocrx_word' id='word_1_47' title='bbox 840 1385 1093 1462; x_wconf 79' lang='lat' dir='ltr'>conferendam</span> <span class='ocrx_word' id='word_1_48' title='bbox 1113 1407 1192 1461; x_wconf 88' lang='lat' dir='ltr'>rem</span> 
     </span>
     <span class='ocr_line' id='line_1_8' title="bbox 145 1479 1180 1582; baseline 0.003 -26"><span class='ocrx_word' id='word_1_49' title='bbox 145 1480 389 1582; x_wconf 84' lang='lat' dir='ltr'>spiritualem,</span> <span class='ocrx_word' id='word_1_50' title='bbox 409 1482 462 1555; x_wconf 86' lang='lat' dir='ltr'>vei</span> <span class='ocrx_word' id='word_1_51' title='bbox 484 1479 648 1575; x_wconf 86' lang='lat' dir='ltr'>ipirituali</span> <span class='ocrx_word' id='word_1_52' title='bbox 679 1494 875 1558; x_wconf 80' lang='lat' dir='ltr'>annexam</span> <span class='ocrx_word' id='word_1_53' title='bbox 1176 1569 1180 1576; x_wconf 54' lang='grc'>,</span> 
     </span>
    </p>

    <p class='ocr_par' dir='ltr' id='par_1_3' title="bbox 147 1580 1359 2670">
     <span class='ocr_line' id='line_1_9' title="bbox 199 1580 1193 1669; baseline 0.004 -9"><span class='ocrx_word' id='word_1_54' title='bbox 199 1580 353 1660; x_wconf 72' lang='lat' dir='ltr'>Tertio,</span> <span class='ocrx_word' id='word_1_55' title='bbox 374 1581 398 1654; x_wconf 83' lang='lat' dir='ltr'>o</span> <span class='ocrx_word' id='word_1_56' title='bbox 421 1583 465 1656; x_wconf 90' lang='lat' dir='ltr'>ad</span> <span class='ocrx_word' id='word_1_57' title='bbox 490 1582 674 1655; x_wconf 85' lang='lat' dir='ltr'>limoniam</span> <span class='ocrx_word' id='word_1_58' title='bbox 697 1582 783 1669; x_wconf 82' lang='lat' dir='ltr'>juris</span> <span class='ocrx_word' id='word_1_59' title='bbox 801 1583 910 1659; x_wconf 79' lang='lat' dir='ltr'>diii&#39;ni</span> <span class='ocrx_word' id='word_1_60' title='bbox 936 1580 1193 1664; x_wconf 72' lang='lat' dir='ltr'>neceffeellet·</span> 
     </span>
     <span class='ocr_line' id='line_1_10' title="bbox 147 1674 1194 1783; baseline -0.003 -21"><span class='ocrx_word' id='word_1_61' title='bbox 147 1697 190 1763; x_wconf 84' lang='lat' dir='ltr'>ot</span> <span class='ocrx_word' id='word_1_62' title='bbox 213 1689 388 1779; x_wconf 70' lang='lat' dir='ltr'>quierem</span> <span class='ocrx_word' id='word_1_63' title='bbox 413 1674 646 1777; x_wconf 74' lang='lat' dir='ltr'>temporalem</span> <span class='ocrx_word' id='word_1_64' title='bbox 666 1683 716 1755; x_wconf 88' lang='lat' dir='ltr'>rei</span> <span class='ocrx_word' id='word_1_65' title='bbox 743 1680 926 1779; x_wconf 74' lang='lat' dir='ltr'>spiritualis</span> <span class='ocrx_word' id='word_1_66' title='bbox 950 1690 1103 1783; x_wconf 88' lang='lat' dir='ltr'>pretium</span> <span class='ocrx_word' id='word_1_67' title='bbox 1125 1680 1194 1760; x_wconf 85' lang='lat' dir='ltr'>effe</span> 
     </span>
     <span class='ocr_line' id='line_1_11' title="bbox 149 1780 1196 1883; baseline -0.002 -23"><span class='ocrx_word' id='word_1_68' title='bbox 149 1786 330 1864; x_wconf 88' lang='lat' dir='ltr'>crederet,</span> <span class='ocrx_word' id='word_1_69' title='bbox 355 1796 415 1855; x_wconf 88' lang='lat' dir='ltr'>aut</span> <span class='ocrx_word' id='word_1_70' title='bbox 436 1780 563 1874; x_wconf 83' lang='lat' dir='ltr'>pluris,</span> <span class='ocrx_word' id='word_1_71' title='bbox 586 1780 639 1855; x_wconf 82' lang='lat' dir='ltr'>vel</span> <span class='ocrx_word' id='word_1_72' title='bbox 665 1785 752 1856; x_wconf 85' lang='lat' dir='ltr'>tanti</span> <span class='ocrx_word' id='word_1_73' title='bbox 775 1781 886 1858; x_wconf 81' lang='lat' dir='ltr'>valere</span> <span class='ocrx_word' id='word_1_74' title='bbox 907 1821 917 1871; x_wconf 87' lang='lat'>·,</span> <span class='ocrx_word' id='word_1_75' title='bbox 939 1808 981 1861; x_wconf 87' lang='lat' dir='ltr'>ac</span> <span class='ocrx_word' id='word_1_76' title='bbox 1000 1809 1076 1861; x_wconf 90' lang='lat' dir='ltr'>rem</span> <span class='ocrx_word' id='word_1_77' title='bbox 1098 1783 1196 1883; x_wconf 84' lang='lat' dir='ltr'>spiri·</span> 
     </span>
     <span class='ocr_line' id='line_1_12' title="bbox 151 1875 1196 1984; baseline -0.001 -22"><span class='ocrx_word' id='word_1_78' title='bbox 151 1883 308 1961; x_wconf 67' lang='lat' dir='ltr'>malem,</span> <span class='ocrx_word' id='word_1_79' title='bbox 334 1879 481 1984; x_wconf 80' lang='lat' dir='ltr'>limonia</span> <span class='ocrx_word' id='word_1_80' title='bbox 502 1875 570 1954; x_wconf 80' lang='lat' dir='ltr'>elle</span> <span class='ocrx_word' id='word_1_81' title='bbox 594 1902 669 1954; x_wconf 87' lang='lat' dir='ltr'>non</span> <span class='ocrx_word' id='word_1_82' title='bbox 694 1876 808 1976; x_wconf 78' lang='lat' dir='ltr'>pollet</span> <span class='ocrx_word' id='word_1_83' title='bbox 826 1881 954 1982; x_wconf 84' lang='lat' dir='ltr'>absque</span> <span class='ocrx_word' id='word_1_84' title='bbox 968 1883 1085 1961; x_wconf 81' lang='lat' dir='ltr'>haeresr</span> <span class='ocrx_word' id='word_1_85' title='bbox 1111 1907 1196 1976; x_wconf 73' lang='grc' dir='ltr'>ρισ-</span> 
     </span>
     <span class='ocr_line' id='line_1_13' title="bbox 154 1979 1198 2082; baseline -0.007 -24"><span class='ocrx_word' id='word_1_86' title='bbox 154 2007 228 2082; x_wconf 87' lang='lat' dir='ltr'>pne</span> <span class='ocrx_word' id='word_1_87' title='bbox 241 1980 347 2058; x_wconf 66' lang='lat' dir='ltr'>drtla.⁴</span> <span class='ocrx_word' id='word_1_88' title='bbox 373 1979 441 2055; x_wconf 69' lang='lat' dir='ltr'>Sed</span> <span class='ocrx_word' id='word_1_89' title='bbox 457 2002 533 2055; x_wconf 89' lang='lat' dir='ltr'>noo</span> <span class='ocrx_word' id='word_1_90' title='bbox 553 1985 602 2056; x_wconf 85' lang='lat' dir='ltr'>ito</span> <span class='ocrx_word' id='word_1_91' title='bbox 617 1979 650 2054; x_wconf 83' lang='lat' dir='ltr'>l&#39;e</span> <span class='ocrx_word' id='word_1_92' title='bbox 663 2004 717 2055; x_wconf 85' lang='lat' dir='ltr'>res</span> <span class='ocrx_word' id='word_1_93' title='bbox 733 1979 839 2058; x_wconf 80' lang='lat' dir='ltr'>habet</span> <span class='ocrx_word' id='word_1_94' title='bbox 851 1982 1043 2061; x_wconf 83' lang='lat' dir='ltr'>secondum</span> <span class='ocrx_word' id='word_1_95' title='bbox 1063 1991 1095 2061; x_wconf 75' lang='lat' dir='ltr'>d.</span> <span class='ocrx_word' id='word_1_96' title='bbox 1107 1982 1198 2057; x_wconf 77' lang='lat' dir='ltr'>Tira.</span> 
     </span>
     <span class='ocr_line' id='line_1_14' title="bbox 153 2078 1198 2184; baseline 0.009 -33"><span class='ocrx_word' id='word_1_97' title='bbox 153 2105 263 2169; x_wconf 78' lang='lat' dir='ltr'>maer,</span> <span class='ocrx_word' id='word_1_98' title='bbox 284 2081 348 2179; x_wconf 88' lang='lat' dir='ltr'>qui·</span> <span class='ocrx_word' id='word_1_99' title='bbox 364 2078 579 2155; x_wconf 81' lang='lat' dir='ltr'>firnoniacos</span> <span class='ocrx_word' id='word_1_100' title='bbox 608 2083 778 2178; x_wconf 78' lang='lat' dir='ltr'>proprie,</span> <span class='ocrx_word' id='word_1_101' title='bbox 796 2084 833 2156; x_wconf 76' lang='lat' dir='ltr'>dr</span> <span class='ocrx_word' id='word_1_102' title='bbox 857 2105 920 2180; x_wconf 87' lang='lat' dir='ltr'>per</span> <span class='ocrx_word' id='word_1_103' title='bbox 953 2083 988 2160; x_wconf 89' lang='lat' dir='ltr'>se</span> <span class='ocrx_word' id='word_1_104' title='bbox 1012 2081 1198 2184; x_wconf 83' lang='lat' dir='ltr'>loquendo</span> 
     </span>
     <span class='ocr_line' id='line_1_15' title="bbox 155 2176 1200 2275; baseline -0.001 -15"><span class='ocrx_word' id='word_1_105' title='bbox 155 2184 339 2260; x_wconf 81' lang='lat' dir='ltr'>haereticos</span> <span class='ocrx_word' id='word_1_106' title='bbox 358 2176 424 2255; x_wconf 85' lang='lat' dir='ltr'>elle</span> <span class='ocrx_word' id='word_1_107' title='bbox 451 2196 580 2275; x_wconf 72' lang='lat' dir='ltr'>negati</span> <span class='ocrx_word' id='word_1_108' title='bbox 603 2231 661 2272; x_wconf 92' lang='lat'>„„</span> <span class='ocrx_word' id='word_1_109' title='bbox 695 2179 790 2258; x_wconf 83' lang='lat' dir='ltr'>Com</span> <span class='ocrx_word' id='word_1_110' title='bbox 816 2204 891 2257; x_wconf 90' lang='lat' dir='ltr'>oon</span> <span class='ocrx_word' id='word_1_111' title='bbox 914 2180 1066 2261; x_wconf 72' lang='lat' dir='ltr'>habeant</span> <span class='ocrx_word' id='word_1_112' title='bbox 1083 2184 1200 2260; x_wconf 83' lang='lat' dir='ltr'>falsam</span> 
     </span>
     <span class='ocr_line' id='line_1_16' title="bbox 156 2281 1250 2380; baseline -0.005 -20"><span class='ocrx_word' id='word_1_113' title='bbox 156 2303 387 2379; x_wconf 81' lang='lat' dir='ltr'>opinionem:</span> <span class='ocrx_word' id='word_1_114' title='bbox 411 2287 471 2347; x_wconf 72' lang='lat' dir='ltr'>ord</span> <span class='ocrx_word' id='word_1_115' title='bbox 492 2286 656 2349; x_wconf 69' lang='lat' dir='ltr'>pererrem</span> <span class='ocrx_word' id='word_1_116' title='bbox 673 2281 741 2350; x_wconf 77' lang='lat' dir='ltr'>dici</span> <span class='ocrx_word' id='word_1_117' title='bbox 760 2285 811 2350; x_wconf 81' lang='lat' dir='ltr'>ait</span> <span class='ocrx_word' id='word_1_118' title='bbox 836 2300 984 2380; x_wconf 90' lang='lat' dir='ltr'>propter</span> <span class='ocrx_word' id='word_1_119' title='bbox 1010 2282 1204 2363; x_wconf 70' lang='lat' dir='ltr'>similitudi.</span> <span class='ocrx_word' id='word_1_120' title='bbox 1241 2323 1250 2333; x_wconf 82' lang='grc'><strong>-</strong></span> 
     </span>
     <span class='ocr_line' id='line_1_17' title="bbox 157 2380 1205 2478; baseline 0.003 -19"><span class='ocrx_word' id='word_1_121' title='bbox 157 2405 241 2462; x_wconf 85' lang='lat' dir='ltr'>uem</span> <span class='ocrx_word' id='word_1_122' title='bbox 264 2380 383 2466; x_wconf 82' lang='lat' dir='ltr'>atlus,</span> <span class='ocrx_word' id='word_1_123' title='bbox 403 2382 484 2478; x_wconf 87' lang='lat' dir='ltr'>quia</span> <span class='ocrx_word' id='word_1_124' title='bbox 502 2381 549 2455; x_wconf 86' lang='lat' dir='ltr'>ita</span> <span class='ocrx_word' id='word_1_125' title='bbox 570 2395 784 2477; x_wconf 74' lang='lat' dir='ltr'>operantur,</span> <span class='ocrx_word' id='word_1_126' title='bbox 806 2380 884 2463; x_wconf 81' lang='lat' dir='ltr'>acii</span> <span class='ocrx_word' id='word_1_127' title='bbox 909 2383 1117 2461; x_wconf 77' lang='lat' dir='ltr'>aestimarent</span> <span class='ocrx_word' id='word_1_128' title='bbox 1137 2384 1205 2462; x_wconf 80' lang='lat' dir='ltr'>dm</span> 
     </span>
     <span class='ocr_line' id='line_1_18' title="bbox 156 2478 1359 2581; baseline 0.004 -23"><span class='ocrx_word' id='word_1_129' title='bbox 156 2506 246 2562; x_wconf 87' lang='lat' dir='ltr'>num</span> <span class='ocrx_word' id='word_1_130' title='bbox 266 2484 415 2578; x_wconf 67' lang='lat' dir='ltr'>Spiritus</span> <span class='ocrx_word' id='word_1_131' title='bbox 437 2480 540 2557; x_wconf 71' lang='lat' dir='ltr'>lentii</span> <span class='ocrx_word' id='word_1_132' title='bbox 564 2483 713 2576; x_wconf 84' lang='lat' dir='ltr'>pecunia</span> <span class='ocrx_word' id='word_1_133' title='bbox 738 2478 902 2578; x_wconf 83' lang='lat' dir='ltr'>poffideri</span> <span class='ocrx_word' id='word_1_134' title='bbox 924 2520 937 2570; x_wconf 64' lang='lat' dir='ltr'>a</span> <span class='ocrx_word' id='word_1_135' title='bbox 959 2507 1040 2581; x_wconf 84' lang='lat' dir='ltr'>qute</span> <span class='ocrx_word' id='word_1_136' title='bbox 1060 2486 1205 2562; x_wconf 75' lang='lat' dir='ltr'>estimo</span> <span class='ocrx_word' id='word_1_137' title='bbox 1356 2540 1359 2546; x_wconf 81' lang='lat'><strong>·</strong></span> 
     </span>
     <span class='ocr_line' id='line_1_19' title="bbox 159 2579 611 2670; baseline -0.029 -10"><span class='ocrx_word' id='word_1_138' title='bbox 159 2592 214 2660; x_wconf 84' lang='lat' dir='ltr'>tio</span> <span class='ocrx_word' id='word_1_139' title='bbox 244 2579 328 2657; x_wconf 84' lang='lat' dir='ltr'>ess&#39;et</span> <span class='ocrx_word' id='word_1_140' title='bbox 355 2579 516 2656; x_wconf 86' lang='lat' dir='ltr'>haetetica</span> <span class='ocrx_word' id='word_1_141' title='bbox 542 2634 564 2670; x_wconf 88' lang='lat'>‚‚</span> <span class='ocrx_word' id='word_1_142' title='bbox 580 2607 611 2669; x_wconf 62' lang='lat'>„.</span> 
     </span>
    </p>
   </div>
   <div class='ocr_carea' id='block_1_3' title="bbox 160 2653 1394 2860">
    <p class='ocr_par' dir='ltr' id='par_1_4' title="bbox 160 2653 1394 2860">
     <span class='ocr_line' id='line_1_20' title="bbox 211 2653 1366 2779; baseline -0.01 -19"><span class='ocrx_word' id='word_1_143' title='bbox 211 2677 398 2779; x_wconf 78' lang='lat' dir='ltr'>Perpetem</span> <span class='ocrx_word' id='word_1_144' title='bbox 414 2684 520 2755; x_wconf 86' lang='lat' dir='ltr'>etiam</span> <span class='ocrx_word' id='word_1_145' title='bbox 535 2665 723 2756; x_wconf 81' lang='lat' dir='ltr'>venerabili</span> <span class='ocrx_word' id='word_1_146' title='bbox 740 2676 896 2767; x_wconf 75' lang='lat' dir='ltr'>Gersonio</span> <span class='ocrx_word' id='word_1_147' title='bbox 915 2653 1105 2758; x_wconf 81' lang='lat' dir='ltr'>l’ariilenlis</span> <span class='ocrx_word' id='word_1_148' title='bbox 1119 2682 1207 2761; x_wconf 81' lang='lat' dir='ltr'>Aca·</span> <span class='ocrx_word' id='word_1_149' title='bbox 1226 2663 1291 2752; x_wconf 75' lang='lat' dir='ltr'>lieo</span> <span class='ocrx_word' id='word_1_150' title='bbox 1306 2658 1366 2779; x_wconf 76' lang='lat' dir='ltr'>illie·</span> 
     </span>
     <span class='ocr_line' id='line_1_21' title="bbox 160 2765 1394 2860; baseline -0.008 0"><span class='ocrx_word' id='word_1_151' title='bbox 160 2780 286 2860; x_wconf 77' lang='lat' dir='ltr'>demut</span> <span class='ocrx_word' id='word_1_152' title='bbox 305 2780 525 2858; x_wconf 80' lang='lat' dir='ltr'>Cancellario</span> <span class='ocrx_word' id='word_1_153' title='bbox 545 2781 730 2856; x_wconf 80' lang='lat' dir='ltr'>damnatus</span> <span class='ocrx_word' id='word_1_154' title='bbox 750 2802 850 2856; x_wconf 88' lang='lat' dir='ltr'>error</span> <span class='ocrx_word' id='word_1_155' title='bbox 868 2783 1032 2857; x_wconf 74' lang='lat' dir='ltr'>triduitur</span> <span class='ocrx_word' id='word_1_156' title='bbox 1056 2785 1092 2857; x_wconf 89' lang='lat' dir='ltr'>iu</span> <span class='ocrx_word' id='word_1_157' title='bbox 1119 2781 1202 2860; x_wconf 84' lang='lat' dir='ltr'>Tra·</span> <span class='ocrx_word' id='word_1_158' title='bbox 1226 2765 1394 2844; x_wconf 56' lang='lat' dir='ltr'>9³⁶⁰⁰¹⁰l⁸</span> 
     </span>
    </p>
   </div>
   <div class='ocr_carea' id='block_1_4' title="bbox 109 2836 1391 4867">
    <p class='ocr_par' dir='ltr' id='par_1_5' title="bbox 162 2836 1391 3974">
     <span class='ocr_line' id='line_1_22' title="bbox 162 2836 1391 2988; baseline -0.002 -28"><span class='ocrx_word' id='word_1_159' title='bbox 162 2882 257 2977; x_wconf 71' lang='lat' dir='ltr'>dato</span> <span class='ocrx_word' id='word_1_160' title='bbox 284 2886 342 2981; x_wconf 61' lang='grc' dir='ltr'>ὓς</span> <span class='ocrx_word' id='word_1_161' title='bbox 370 2886 514 2950; x_wconf 70' lang='lat' dir='ltr'>demonia</span> <span class='ocrx_word' id='word_1_162' title='bbox 538 2900 652 2965; x_wconf 85' lang='lat' dir='ltr'>,eum</span> <span class='ocrx_word' id='word_1_163' title='bbox 666 2881 727 2953; x_wconf 88' lang='lat' dir='ltr'>ibi</span> <span class='ocrx_word' id='word_1_164' title='bbox 750 2879 887 2976; x_wconf 81' lang='lat' dir='ltr'>duplex</span> <span class='ocrx_word' id='word_1_165' title='bbox 907 2878 1106 2958; x_wconf 79' lang='lat' dir='ltr'>fimonitcae</span> <span class='ocrx_word' id='word_1_166' title='bbox 1131 2905 1207 2981; x_wconf 89' lang='lat' dir='ltr'>pra·</span> <span class='ocrx_word' id='word_1_167' title='bbox 1227 2836 1391 2988; x_wconf 52' lang='lat' dir='ltr'>ffissff‘ffi‘</span> 
     </span>
     <span class='ocr_line' id='line_1_23' title="bbox 165 2976 1211 3080; baseline -0.002 -21"><span class='ocrx_word' id='word_1_168' title='bbox 165 2988 280 3079; x_wconf 79' lang='lat' dir='ltr'>vitatis</span> <span class='ocrx_word' id='word_1_169' title='bbox 300 3003 415 3080; x_wconf 78' lang='lat' dir='ltr'>genus</span> <span class='ocrx_word' id='word_1_170' title='bbox 441 2976 598 3075; x_wconf 80' lang='lat' dir='ltr'>expreile</span> <span class='ocrx_word' id='word_1_171' title='bbox 619 2979 832 3075; x_wconf 77' lang='lat' dir='ltr'>distinguat,</span> <span class='ocrx_word' id='word_1_172' title='bbox 853 3002 997 3067; x_wconf 76' lang='lat' dir='ltr'>unum,</span> <span class='ocrx_word' id='word_1_173' title='bbox 1023 3003 1099 3077; x_wconf 88' lang='lat' dir='ltr'>quo</span> <span class='ocrx_word' id='word_1_174' title='bbox 1119 2999 1211 3058; x_wconf 87' lang='lat' dir='ltr'>tem-</span> 
     </span>
     <span class='ocr_line' id='line_1_24' title="bbox 165 3079 1212 3184; baseline -0.001 -25"><span class='ocrx_word' id='word_1_175' title='bbox 165 3080 287 3184; x_wconf 77' lang='lat' dir='ltr'>potale</span> <span class='ocrx_word' id='word_1_176' title='bbox 298 3082 698 3164; x_wconf 83' lang='lat' dir='ltr'>bonum,utmotivum</span> <span class='ocrx_word' id='word_1_177' title='bbox 711 3081 903 3176; x_wconf 83' lang='lat' dir='ltr'>principale</span> <span class='ocrx_word' id='word_1_178' title='bbox 913 3079 1094 3175; x_wconf 78' lang='lat' dir='ltr'>spiritualis</span> <span class='ocrx_word' id='word_1_179' title='bbox 1104 3081 1212 3159; x_wconf 73' lang='lat' dir='ltr'>adio·</span> 
     </span>
     <span class='ocr_line' id='line_1_25' title="bbox 166 3178 1212 3279; baseline 0 -20"><span class='ocrx_word' id='word_1_180' title='bbox 166 3206 222 3260; x_wconf 79' lang='lat' dir='ltr'>nrt</span> <span class='ocrx_word' id='word_1_181' title='bbox 241 3181 431 3279; x_wconf 60' lang='lat' dir='ltr'>speciatum</span> <span class='ocrx_word' id='word_1_182' title='bbox 447 3179 618 3258; x_wconf 73' lang='lat' dir='ltr'>alterum,</span> <span class='ocrx_word' id='word_1_183' title='bbox 635 3201 711 3277; x_wconf 85' lang='lat' dir='ltr'>quo</span> <span class='ocrx_word' id='word_1_184' title='bbox 734 3178 974 3256; x_wconf 81' lang='lat' dir='ltr'>confideratur</span> <span class='ocrx_word' id='word_1_185' title='bbox 993 3195 1033 3258; x_wconf 96' lang='lat' dir='ltr'>ut</span> <span class='ocrx_word' id='word_1_186' title='bbox 1054 3185 1212 3278; x_wconf 82' lang='lat' dir='ltr'>pretium</span> 
     </span>
     <span class='ocr_line' id='line_1_26' title="bbox 165 3274 1215 3381; baseline -0.003 -22"><span class='ocrx_word' id='word_1_187' title='bbox 165 3287 216 3359; x_wconf 90' lang='lat' dir='ltr'>rei</span> <span class='ocrx_word' id='word_1_188' title='bbox 240 3274 432 3381; x_wconf 80' lang='lat' dir='ltr'>lpirituaiis·</span> <span class='ocrx_word' id='word_1_189' title='bbox 457 3279 517 3356; x_wconf 80' lang='lat' dir='ltr'>Sie</span> <span class='ocrx_word' id='word_1_190' title='bbox 546 3282 639 3355; x_wconf 90' lang='lat' dir='ltr'>enim</span> <span class='ocrx_word' id='word_1_191' title='bbox 661 3279 796 3356; x_wconf 84' lang='lat' dir='ltr'>habet:</span> <span class='ocrx_word' id='word_1_192' title='bbox 819 3318 880 3371; x_wconf 51' lang='lat' dir='ltr'>„p</span> <span class='ocrx_word' id='word_1_193' title='bbox 905 3277 1023 3359; x_wconf 86' lang='lat' dir='ltr'>Prima</span> <span class='ocrx_word' id='word_1_194' title='bbox 1047 3279 1215 3377; x_wconf 78' lang='lat' dir='ltr'>Proposi-</span> 
     </span>
     <span class='ocr_line' id='line_1_27' title="bbox 167 3379 1215 3478; baseline -0.011 -17"><span class='ocrx_word' id='word_1_195' title='bbox 167 3388 242 3475; x_wconf 83' lang='lat' dir='ltr'>tio;</span> <span class='ocrx_word' id='word_1_196' title='bbox 275 3380 353 3457; x_wconf 80' lang='lat' dir='ltr'>linis</span> <span class='ocrx_word' id='word_1_197' title='bbox 375 3379 613 3478; x_wconf 83' lang='lat' dir='ltr'>principaliter</span> <span class='ocrx_word' id='word_1_198' title='bbox 632 3381 790 3456; x_wconf 82' lang='lat' dir='ltr'>intentus</span> <span class='ocrx_word' id='word_1_199' title='bbox 812 3380 1005 3475; x_wconf 82' lang='lat' dir='ltr'>recipiendi</span> <span class='ocrx_word' id='word_1_200' title='bbox 1029 3395 1215 3478; x_wconf 76' lang='lat' dir='ltr'>,tempora-</span> 
     </span>
     <span class='ocr_line' id='line_1_28' title="bbox 169 3476 1214 3575; baseline -0.001 -17"><span class='ocrx_word' id='word_1_201' title='bbox 169 3480 215 3559; x_wconf 84' lang='lat' dir='ltr'>lia</span> <span class='ocrx_word' id='word_1_202' title='bbox 250 3504 318 3575; x_wconf 86' lang='lat' dir='ltr'>pro</span> <span class='ocrx_word' id='word_1_203' title='bbox 345 3481 597 3556; x_wconf 81' lang='lat' dir='ltr'>ministratione</span> <span class='ocrx_word' id='word_1_204' title='bbox 623 3476 850 3575; x_wconf 82' lang='lat' dir='ltr'>spiritualium</span> <span class='ocrx_word' id='word_1_205' title='bbox 880 3478 997 3558; x_wconf 86' lang='lat' dir='ltr'>reddit</span> <span class='ocrx_word' id='word_1_206' title='bbox 1027 3477 1214 3557; x_wconf 85' lang='lat' dir='ltr'>hominem</span> 
     </span>
     <span class='ocr_line' id='line_1_29' title="bbox 171 3578 1212 3680; baseline 0.001 -24"><span class='ocrx_word' id='word_1_207' title='bbox 171 3583 316 3680; x_wconf 87' lang='lat' dir='ltr'>proprie</span> <span class='ocrx_word' id='word_1_208' title='bbox 330 3578 563 3655; x_wconf 85' lang='lat' dir='ltr'>fimoniacum</span> <span class='ocrx_word' id='word_1_209' title='bbox 575 3583 610 3653; x_wconf 89' lang='lat' dir='ltr'>in</span> <span class='ocrx_word' id='word_1_210' title='bbox 621 3580 704 3653; x_wconf 82' lang='lat' dir='ltr'>foro</span> <span class='ocrx_word' id='word_1_211' title='bbox 717 3580 959 3664; x_wconf 73' lang='lat' dir='ltr'>conscientie,</span> <span class='ocrx_word' id='word_1_212' title='bbox 972 3580 1006 3654; x_wconf 77' lang='lat' dir='ltr'>dr</span> <span class='ocrx_word' id='word_1_213' title='bbox 1018 3581 1061 3654; x_wconf 85' lang='lat' dir='ltr'>ad</span> <span class='ocrx_word' id='word_1_214' title='bbox 1077 3579 1212 3657; x_wconf 88' lang='lat' dir='ltr'>Deum.</span> 
     </span>
     <span class='ocr_line' id='line_1_30' title="bbox 167 3677 1218 3773; baseline -0.01 -13"><span class='ocrx_word' id='word_1_215' title='bbox 167 3680 240 3760; x_wconf 84' lang='lat' dir='ltr'>Etfi</span> <span class='ocrx_word' id='word_1_216' title='bbox 260 3683 353 3757; x_wconf 81' lang='lat' dir='ltr'>hauc</span> <span class='ocrx_word' id='word_1_217' title='bbox 379 3681 615 3756; x_wconf 84' lang='lat' dir='ltr'>intentionem</span> <span class='ocrx_word' id='word_1_218' title='bbox 641 3677 768 3773; x_wconf 77' lang='lat' dir='ltr'>opertis</span> <span class='ocrx_word' id='word_1_219' title='bbox 784 3680 828 3754; x_wconf 88' lang='lat' dir='ltr'>ad</span> <span class='ocrx_word' id='word_1_220' title='bbox 846 3694 946 3754; x_wconf 86' lang='lat' dir='ltr'>extra</span> <span class='ocrx_word' id='word_1_221' title='bbox 970 3680 1141 3756; x_wconf 84' lang='lat' dir='ltr'>monstret</span> <span class='ocrx_word' id='word_1_222' title='bbox 1160 3686 1218 3757; x_wconf 84' lang='lat' dir='ltr'>im</span> 
     </span>
     <span class='ocr_line' id='line_1_31' title="bbox 168 3777 1214 3875; baseline -0.001 -17"><span class='ocrx_word' id='word_1_223' title='bbox 168 3784 267 3875; x_wconf 78' lang='lat' dir='ltr'>(liciis¹</span> <span class='ocrx_word' id='word_1_224' title='bbox 282 3825 294 3862; x_wconf 85' lang='lat'>‚</span> <span class='ocrx_word' id='word_1_225' title='bbox 309 3781 501 3855; x_wconf 77' lang='lat' dir='ltr'>ueniendus</span> <span class='ocrx_word' id='word_1_226' title='bbox 515 3779 563 3853; x_wconf 85' lang='lat' dir='ltr'>est</span> <span class='ocrx_word' id='word_1_227' title='bbox 576 3781 611 3853; x_wconf 89' lang='lat' dir='ltr'>in</span> <span class='ocrx_word' id='word_1_228' title='bbox 636 3778 867 3854; x_wconf 72' lang='lat' dir='ltr'>ecclesiastico</span> <span class='ocrx_word' id='word_1_229' title='bbox 890 3779 970 3853; x_wconf 87' lang='lat' dir='ltr'>foro</span> <span class='ocrx_word' id='word_1_230' title='bbox 985 3777 1214 3866; x_wconf 70' lang='lat' dir='ltr'>simoniacum</span> 
     </span>
     <span class='ocr_line' id='line_1_32' title="bbox 169 3877 1011 3974; baseline -0.004 -15"><span class='ocrx_word' id='word_1_231' title='bbox 169 3880 227 3961; x_wconf 80' lang='lat' dir='ltr'>vei</span> <span class='ocrx_word' id='word_1_232' title='bbox 247 3880 293 3955; x_wconf 89' lang='lat' dir='ltr'>de</span> <span class='ocrx_word' id='word_1_233' title='bbox 318 3877 466 3955; x_wconf 82' lang='lat' dir='ltr'>fimonie</span> <span class='ocrx_word' id='word_1_234' title='bbox 489 3877 715 3968; x_wconf 80' lang='lat' dir='ltr'>vehementer</span> <span class='ocrx_word' id='word_1_235' title='bbox 741 3877 913 3974; x_wconf 74' lang='lat' dir='ltr'>sulpetlot</span> <span class='ocrx_word' id='word_1_236' title='bbox 938 3911 1011 3967; x_wconf 70' lang='lat'>„3,.</span> 
     </span>
    </p>

    <p class='ocr_par' dir='ltr' id='par_1_6' title="bbox 169 3972 1218 4471">
     <span class='ocr_line' id='line_1_33' title="bbox 222 3972 1216 4073; baseline -0.004 -16"><span class='ocrx_word' id='word_1_237' title='bbox 222 3972 385 4058; x_wconf 75' lang='lat' dir='ltr'>Secunda</span> <span class='ocrx_word' id='word_1_238' title='bbox 413 3978 614 4073; x_wconf 84' lang='lat' dir='ltr'>Proposrtio</span> <span class='ocrx_word' id='word_1_239' title='bbox 634 3999 644 4051; x_wconf 73' lang='grc' dir='ltr'><strong><em>ι</em></strong></span> <span class='ocrx_word' id='word_1_240' title='bbox 665 3974 761 4052; x_wconf 79' lang='lat' dir='ltr'>Finit</span> <span class='ocrx_word' id='word_1_241' title='bbox 790 3974 1028 4073; x_wconf 78' lang='lat' dir='ltr'>principaliter</span> <span class='ocrx_word' id='word_1_242' title='bbox 1058 3976 1216 4053; x_wconf 85' lang='lat' dir='ltr'>intentur</span> 
     </span>
     <span class='ocr_line' id='line_1_34' title="bbox 169 4073 1218 4177; baseline -0.015 -17"><span class='ocrx_word' id='word_1_243' title='bbox 169 4083 368 4177; x_wconf 78' lang='lat' dir='ltr'>accipiendi</span> <span class='ocrx_word' id='word_1_244' title='bbox 395 4078 602 4170; x_wconf 86' lang='lat' dir='ltr'>temporalia</span> <span class='ocrx_word' id='word_1_245' title='bbox 635 4099 703 4172; x_wconf 89' lang='lat' dir='ltr'>pro</span> <span class='ocrx_word' id='word_1_246' title='bbox 737 4074 1036 4151; x_wconf 85' lang='lat' dir='ltr'>administratione</span> <span class='ocrx_word' id='word_1_247' title='bbox 1058 4073 1218 4168; x_wconf 76' lang='lat' dir='ltr'>spiritum</span> 
     </span>
     <span class='ocr_line' id='line_1_35' title="bbox 171 4173 1217 4275; baseline -0.014 -17"><span class='ocrx_word' id='word_1_248' title='bbox 171 4183 282 4267; x_wconf 84' lang='lat' dir='ltr'>lium,</span> <span class='ocrx_word' id='word_1_249' title='bbox 305 4195 475 4275; x_wconf 85' lang='lat' dir='ltr'>tanquam</span> <span class='ocrx_word' id='word_1_250' title='bbox 497 4183 543 4252; x_wconf 86' lang='lat' dir='ltr'>ibi</span> <span class='ocrx_word' id='word_1_251' title='bbox 560 4176 601 4252; x_wconf 86' lang='lat' dir='ltr'>srt</span> <span class='ocrx_word' id='word_1_252' title='bbox 621 4175 819 4268; x_wconf 83' lang='lat' dir='ltr'>edaeqoatio</span> <span class='ocrx_word' id='word_1_253' title='bbox 841 4198 919 4249; x_wconf 81' lang='lat' dir='ltr'>vera</span> <span class='ocrx_word' id='word_1_254' title='bbox 949 4176 1050 4272; x_wconf 89' lang='lat' dir='ltr'>pretii</span> <span class='ocrx_word' id='word_1_255' title='bbox 1076 4173 1118 4249; x_wconf 85' lang='lat' dir='ltr'>ad</span> <span class='ocrx_word' id='word_1_256' title='bbox 1135 4197 1217 4269; x_wconf 86' lang='lat' dir='ltr'>pre.</span> 
     </span>
     <span class='ocr_line' id='line_1_36' title="bbox 173 4271 1216 4370; baseline -0.004 -14"><span class='ocrx_word' id='word_1_257' title='bbox 173 4284 264 4357; x_wconf 86' lang='lat' dir='ltr'>tium</span> <span class='ocrx_word' id='word_1_258' title='bbox 291 4327 302 4364; x_wconf 87' lang='lat'>‚</span> <span class='ocrx_word' id='word_1_259' title='bbox 327 4278 416 4355; x_wconf 85' lang='lat' dir='ltr'>ficut</span> <span class='ocrx_word' id='word_1_260' title='bbox 440 4279 488 4352; x_wconf 89' lang='lat' dir='ltr'>est</span> <span class='ocrx_word' id='word_1_261' title='bbox 518 4281 555 4352; x_wconf 88' lang='lat' dir='ltr'>iu</span> <span class='ocrx_word' id='word_1_262' title='bbox 582 4281 867 4350; x_wconf 88' lang='lat' dir='ltr'>commutatione</span> <span class='ocrx_word' id='word_1_263' title='bbox 894 4274 1143 4370; x_wconf 82' lang='lat' dir='ltr'>temporalium</span> <span class='ocrx_word' id='word_1_264' title='bbox 1170 4271 1216 4352; x_wconf 85' lang='lat' dir='ltr'>ad</span> 
     </span>
     <span class='ocr_line' id='line_1_37' title="bbox 173 4371 1184 4471; baseline -0.011 -13"><span class='ocrx_word' id='word_1_265' title='bbox 173 4384 328 4458; x_wconf 82' lang='lat' dir='ltr'>invicem</span> <span class='ocrx_word' id='word_1_266' title='bbox 343 4378 481 4467; x_wconf 89' lang='lat' dir='ltr'>,teddrt</span> <span class='ocrx_word' id='word_1_267' title='bbox 495 4376 679 4468; x_wconf 79' lang='lat' dir='ltr'>hominem</span> <span class='ocrx_word' id='word_1_268' title='bbox 701 4377 844 4470; x_wconf 89' lang='lat' dir='ltr'>proprie</span> <span class='ocrx_word' id='word_1_269' title='bbox 864 4371 1096 4471; x_wconf 78' lang='lat' dir='ltr'>fimoniacum</span> <span class='ocrx_word' id='word_1_270' title='bbox 1115 4431 1137 4465; x_wconf 88' lang='lat'>,‚</span> <span class='ocrx_word' id='word_1_271' title='bbox 1149 4430 1184 4467; x_wconf 87' lang='lat'>„.</span> 
     </span>
    </p>

    <p class='ocr_par' dir='ltr' id='par_1_7' title="bbox 227 4467 1218 4568">
     <span class='ocr_line' id='line_1_38' title="bbox 227 4467 1218 4568; baseline 0 -18"><span class='ocrx_word' id='word_1_272' title='bbox 227 4491 273 4550; x_wconf 75' lang='lat' dir='ltr'>tr</span> <span class='ocrx_word' id='word_1_273' title='bbox 298 4475 417 4567; x_wconf 72' lang='lat' dir='ltr'>infra:</span> <span class='ocrx_word' id='word_1_274' title='bbox 446 4532 504 4568; x_wconf 86' lang='lat'>,‚„</span> <span class='ocrx_word' id='word_1_275' title='bbox 529 4472 755 4552; x_wconf 77' lang='lat' dir='ltr'>er&#39;oltendo</span> <span class='ocrx_word' id='word_1_276' title='bbox 780 4467 943 4567; x_wconf 77' lang='lat' dir='ltr'>(inquit)</span> <span class='ocrx_word' id='word_1_277' title='bbox 970 4477 1150 4549; x_wconf 85' lang='lat' dir='ltr'>materiam</span> <span class='ocrx_word' id='word_1_278' title='bbox 1171 4474 1218 4550; x_wconf 81' lang='lat' dir='ltr'>de</span> 
     </span>
    </p>

    <p class='ocr_par' dir='ltr' id='par_1_8' title="bbox 109 4572 1219 4867">
     <span class='ocr_line' id='line_1_39' title="bbox 109 4572 1219 4675; baseline -0.009 -15"><span class='ocrx_word' id='word_1_279' title='bbox 109 4654 116 4668; x_wconf 83' lang='lat'>,</span> <span class='ocrx_word' id='word_1_280' title='bbox 174 4580 342 4666; x_wconf 82' lang='lat' dir='ltr'>limonia,</span> <span class='ocrx_word' id='word_1_281' title='bbox 361 4575 544 4675; x_wconf 77' lang='lat' dir='ltr'>polluntur</span> <span class='ocrx_word' id='word_1_282' title='bbox 567 4574 723 4649; x_wconf 78' lang='lat' dir='ltr'>invenire</span> <span class='ocrx_word' id='word_1_283' title='bbox 741 4573 999 4649; x_wconf 72' lang='lat' dir='ltr'>dillintlionem</span> <span class='ocrx_word' id='word_1_284' title='bbox 1013 4572 1219 4672; x_wconf 62' lang='lat' dir='ltr'>quadrupli*</span> 
     </span>
     <span class='ocr_line' id='line_1_40' title="bbox 174 4654 1217 4846; baseline -0.01 -86"><span class='ocrx_word' id='word_1_285' title='bbox 174 4705 255 4761; x_wconf 81' lang='lat' dir='ltr'>cem</span> <span class='ocrx_word' id='word_1_286' title='bbox 274 4682 318 4758; x_wconf 88' lang='lat' dir='ltr'>de</span> <span class='ocrx_word' id='word_1_287' title='bbox 329 4685 481 4768; x_wconf 88' lang='lat' dir='ltr'>intuitu,</span> <span class='ocrx_word' id='word_1_288' title='bbox 493 4676 548 4758; x_wconf 83' lang='lat' dir='ltr'>rel</span> <span class='ocrx_word' id='word_1_289' title='bbox 561 4654 714 4772; x_wconf 79' lang='lat' dir='ltr'>&#39;respetlu</span> <span class='ocrx_word' id='word_1_290' title='bbox 725 4673 912 4752; x_wconf 80' lang='lat' dir='ltr'>commodi</span> <span class='ocrx_word' id='word_1_291' title='bbox 932 4673 1217 4846; x_wconf 63' lang='lat' dir='ltr'>temporalsispro</span> 
     </span>
     <span class='ocr_line' id='line_1_41' title="bbox 648 4792 1169 4867; baseline -0.006 -69"><span class='ocrx_word' id='word_1_292' title='bbox 648 4792 650 4798; x_wconf 88' lang='lat'>.</span> <span class='ocrx_word' id='word_1_293' title='bbox 1113 4792 1169 4867; x_wconf 47' lang='lat' dir='ltr'>pl·</span> 
     </span>
    </p>
   </div>
   <div class='ocr_carea' id='block_1_5' title="bbox 0 0 1654 5375">
    <p class='ocr_par' dir='ltr' id='par_1_9' title="bbox 0 0 1654 5375">
     <span class='ocr_line' id='line_1_42' title="bbox 0 0 1654 5375; baseline 0 0"><span class='ocrx_word' id='word_1_294' title='bbox 0 0 1654 5375; x_wconf 95' lang='lat' dir='ltr'> </span> 
     </span>
    </p>
   </div>
  </div>
 </body>
</html>
