3200 5375
303 709 325 827 ‚⁵
358 729 429 820 De
456 724 724 821 Sacramenta
753 724 940 826 Ordinis,
1113 729 1200 843 '147

147 907 209 995 dis
241 900 424 985 habente,
448 899 613 975 ordinarii
637 896 708 974 loci
735 900 883 976 minime
903 894 1067 997 requisita
1087 853 1199 975 licen.

150 1014 222 1094 tia,
245 1007 282 1080 in
307 1003 394 1102 locis
429 996 499 1076 five
520 997 686 1075 domibus
721 998 806 1092 suis,
831 996 901 1074 lise
926 1000 1008 1074 alibi
1043 1001 1200 1095 recipere

151 1104 276 1205 pone,
298 1101 390 1177 hanc
408 1097 712 1178 Constitutionem
731 1098 912 1191 Gregorius
923 1097 1001 1172 XV.
1017 1096 1201 1197 Constitu·

150 1211 253 1286 tione
274 1200 328 1279 sua
356 1218 409 1294 15.
425 1221 505 1298 quae
523 1200 648 1293 incipit
671 1221 679 1277 :
704 1200 745 1266 In
771 1215 867 1267 tarra
886 1222 1028 1271 rerum,
1055 1220 1204 1273 reuoca·

150 1310 228 1390 uit,
244 1304 280 1378 u
302 1302 346 1377 ad
366 1292 538 1379 terminos
566 1299 651 1393 iuris
676 1297 910 1383 communis,
936 1320 979 1377 ac
1002 1294 1204 1381 Tridentini
1323 1361 1325 1365 ,

154 1400 322 1486 Conciliii
341 1400 497 1479 reduxit.

454 1578 777 1665 REGULA
828 1581 912 1664 Vl.

154 1742 337 1842 Rescripta
357 1739 574 1837 apostolica,
589 1755 630 1818 ut
649 1742 728 1844 quis
745 1764 766 1818 a
784 1764 1019 1844 quocumque
1040 1738 1203 1822 Antistite

179 1844 414 1948 ,promoueri
444 1838 582 1937 polsrt,
618 1843 750 1916 nemini
781 1841 1014 1939 suffragatur,
1038 1840 1101 1918 nili
1131 1843 1218 1936 ejus>

207 1946 390 2044 probitas,
410 1963 452 2017 ac
473 1963 592 2019 mores
604 1936 784 2021 Ordinatii
804 1941 854 2020 sui
875 1942 1081 2020 testimonio
1103 1963 1209 2021 com·

209 2045 420 2141 probentur.

158 2203 320 2364 Hanc
336 2189 515 2296 'Regulam
548 2196 655 2273 tradit
681 2193 886 2281 Concilium
916 2177 1017 2288 Trid,
1043 2194 1125 2276 Seii
1147 2184 1247 2285 23·1
1266 2179 1412 2271 quaepi-

269 2309 388 2396 cap·8.
407 2354 460 2390 „„
489 2296 735 2395 Unusquisque
750 2292 912 2394 (inquit)
928 2302 1107 2395 aproprio
1127 2259 1367 2397 opi-,fiffipsseff

158 2400 271 2496 scopo
296 2398 491 2473 ordinetur·
517 2396 632 2489 Quod
657 2401 736 2493 quis
751 2400 795 2473 ab
823 2398 894 2475 alio
914 2400 1123 2495 promoveri
1146 2410 1329 2494 popinarii.

159 2514 232 2584 rat,
253 2496 451 2578 nullatenus
476 2495 512 2573 id
552 2499 612 2580 ei,
631 2500 735 2574 etiam
763 2497 915 2595 cujusvis
944 2497 1117 2595 generalis
1146 2512 1210 2573 ant
1273 2528 1275 2532 ¹

159 2596 313 2697 specialis
334 2594 512 2691 rescripti,
530 2596 585 2671 vel
609 2595 782 2696 privilegii
803 2613 995 2693 protextu,
1018 2599 1122 2673 etiarn
1142 2596 1211 2674 sta·

161 2701 250 2775 tutis
275 2698 496 2796 temporibus
518 2701 766 2790 permittatur,
791 2695 853 2773 nisi
874 2700 949 2793 ejus
970 2699 1148 2793 probitas,
1164 2718 1207 2773 ac
1318 2726 1322 2746 ·

163 2819 284 2873 mores
310 2793 489 2872 Ordinarii
516 2794 565 2872 sui
591 2796 794 2871 testimonio
821 2797 1149 2887 commendentnr3
1180 2791 1209 2870 li

162 2891 356 2982 lecnsliat,
378 2892 541 2971 ordinans
556 2895 775 2986 recollatione
786 2890 970 2974 Ordinum
983 2917 1210 2992 perannum,
1263 2907 1265 2910 ’

163 2995 203 3071 &
230 2994 411 3070 ordinatus
441 3015 461 3067 a
489 2993 731 3092 susceptorum
764 2995 947 3076 Ordinom
974 2999 1211 3076 executione,

162 3093 336 3192 quamdiu
360 3096 506 3191 proprio
534 3091 726 3171 Ordinatio
758 3095 934 3173 videbitur
952 3095 1118 3191 expedire
1139 3142 1150 3176 ,
1169 3090 1212 3169 lit

162 3192 340 3287 suspensus
365 3243 389 3278 ‚2
404 3249 438 3284 „·
474 3190 542 3268 Res
562 3192 691 3270 scilicet
712 3195 812 3287 plena
832 3199 996 3295 aeqnitate
1017 3243 1027 3277 ,
1045 3196 1081 3269 δι
1104 3194 1213 3290 digna

164 3292 265 3372 laude
279 3290 347 3370 visa
366 3293 414 3369 eli
435 3289 644 3369 Tridentino
663 3293 838 3371 Patribus:
855 3295 902 3385 Ur
921 3301 958 3362 de
977 3297 1139 3364 mendacio
1157 3298 1214 3361 ue·

163 3415 217 3465 mo
249 3392 418 3477 lucretur,
436 3394 614 3484 prasertim
634 3410 716 3486 opud
730 3393 893 3481 landam,
916 3397 957 3465 (φ
976 3391 1134 3480 summam
1156 3397 1217 3463 Se,

164 3494 265 3572 rem,-
290 3505 332 3569 ut
359 3491 527 3567 scribebat
559 3491 645 3567 olim
672 3493 714 3567 ad
740 3493 992 3572 innocentium
1009 3492 1053 3570 ll.
1081 3499 1114 3568 S.
1133 3496 1218 3562 Ber-

165 3595 300 3664 nerdus.
323 3588 572 3690 AEquilsrmum
594 3590 705 3668 visum
725 3596 773 3670 eli
796 3594 998 3679 fraudibus,
1018 3596 1055 3668 dr
1075 3591 1219 3670 clande-

164 3693 262 3770 stinis
290 3692 535 3767 molitionibus
555 3714 745 3768 occurrere
771 3748 781 3781 ,
810 3698 937 3791 quibus
962 3695 1125 3791 rescripta
1157 3693 1219 3771 ista

165 3791 350 3888 ignari‚&
375 3789 520 3886 perdlrae
544 3793 652 3868 vitae,
677 3808 785 3891 atque
806 3795 1075 3871 existimationis
1098 3793 1219 3869 homi·

165 3914 231 3967 nes
258 3906 472 3989 extorquere
500 3887 655 3984 possunt.
682 3890 833 3970 Nullum
856 3911 974 3972 nutem
1000 3893 1220 3969 convenien-

166 3993 239 4068 tius
257 3990 450 4066 remedium
466 3990 659 4083 judicatum
673 3993 740 4073 eli,
754 4016 860 4090 quam
873 4011 913 4069 ut
927 3990 1087 4088 Episcopi
1103 4013 1221 4082 ,quo-

167 4112 250 4165 rum
271 4093 425 4163 maxime
450 4090 590 4163 interest
614 4087 831 4173 Ordinatio,
852 4094 888 4168 se
914 4095 976 4189 qui
1001 4090 1220 4165 ordinandos

167 4188 353 4284 persedius
375 4185 472 4265 nosse
493 4185 656 4286 possunt,
675 4191 863 4267 decorum
883 4193 975 4267 vita,
999 4191 1036 4264 sir
1061 4191 1222 4265 moribus
1269 4240 1275 4245 -

165 4290 265 4386 prius
280 4288 520 4364 testimonium
542 4289 769 4381 perhibeant,
786 4314 893 4389 quam
906 4291 984 4387 ipis
1000 4290 1139 4366 licentia
1150 4285 1224 4366 Or·
1327 4341 1329 4347 -

166 4388 270 4463 dines
299 4391 343 4462 ab
374 4388 444 4462 aliis
471 4387 676 4482 suscipiendi
700 4391 930 4467 concedatur.
971 4388 1222 4489 Quamobrem

168 4486 267 4566 idem
291 4486 496 4564 Concilium
518 4486 653 4572 statuit,
668 4508 707 4566 ut
725 4493 764 4574 ii,
778 4494 905 4591 quibos
924 4492 1124 4585 prohibitus
1147 4486 1223 4562 adi-

165 4604 225 4665 tus
251 4587 297 4662 ad
321 4587 433 4665 sacros
454 4583 609 4663 Ordines
632 4589 675 4662 ab
694 4590 872 4665 ordinatio
896 4590 1021 4675 suerit,
1036 4588 1164 4664 nullius
1184 4590 1221 4664 si

166 4684 327 4785 rescripti
351 4685 555 4767 interditios
578 4684 903 4870 Ordxjnesreciperu
920 4687 1038 4802 pollis·
1064 4686 1219 4800 Triden.
1288 4714 1290 4717 ’
1365 4733 1370 4757 ,

698 4809 717 4886 3
891 4859 894 4864 f
1065 4805 1180 4867 tinum

1483 2858 1495 2915 l
