3200 5375
506 476 511 485 t
888 474 893 482 .

877 517 885 530 ,
1275 505 1288 522 ,a

1202 547 1207 570 f
1295 537 1299 544 .

460 681 532 810 De
561 676 855 796 Indulgentiit.
1092 605 1098 622 l
1146 691 1201 798 33'
1285 673 1294 697 “

143 851 384 955 Dipiurnate,
397 867 458 933 aut
485 852 649 952 Episcopi
670 855 845 934 Mandata
867 848 1121 956 priasmipta'ad
1137 857 1197 949 ln·

145 963 371 1056 dulgentiam
396 955 692 1053 consequendam.
1259 1019 1262 1028 .

200 1053 307 1138 Hanc
330 1054 506 1151 Regulam
527 1054 716 1133 confirmat
745 1055 780 1133 S·
803 1054 952 1132 Carolus
966 1052 1192 1138 Borromaeur

149 1163 187 1238 in
206 1159 354 1243 ordine,
370 1158 406 1231 ἃ
425 1154 652 1232 instrumone
670 1180 737 1254 pro
756 1157 791 1235 S.
803 1153 955 1255 Jubilaeo
973 1157 1194 1258 consequen.
1324 1246 1326 1250 ‚
1418 1199 1424 1211 ·

147 1262 221 1343 clo,
244 1262 364 1335 atior·
388 1254 480 1333 secr.
502 1253 650 1331 Medios.
671 1280 744 1349 par·
754 1267 790 1350 7.
816 1281 850 1353 p.
864 1276 950 1348 942..
970 1306 1027 1350 ,,,,
1056 1252 1194 1337 Carent
1407 1267 1412 1276 '

147 1358 300 1456 singuli,
321 1359 452 1450 saquis,
472 1376 599 1431 omnes
619 1380 638 1431 a
660 1356 847 1433 Sanditate
864 1354 919 1430 lua
933 1357 1112 1454 impositas
1126 1359 1203 1455 pru

148 1456 323 1537 lucrando
349 1450 502 1553 Jubilaeo
527 1456 752 1532 conditiones
774 1455 983 1542 observate,
1005 1446 1090 1534 illud
1112 1461 1193 1536 alias

151 1583 226 1634 non
243 1557 488 1640 consecuturi,
507 1552 532 1630 si
550 1555 809 1631 easooriserino
836 1550 948 1631 Prima
962 1557 1030 1649 est,
1050 1580 1090 1636 ut
1110 1581 1195 1636 vere
1290 1600 1294 1606 ·
1340 1631 1342 1634 .

151 1661 297 1735 contriti
322 1669 465 1753 peccata
491 1654 694 1753 deponants
714 1654 910 1750 quodiana
933 1663 1197 1754 omnem-prius
1266 1738 1268 1740 ,

153 1753 529 1858 quamlicclesrarum
566 1752 799 1832 visstationem
841 1758 1078 1853 incoepetint,
1098 1760 1199 1854 juvat
1353 1809 1370 1859 ·.
1419 1822 1424 1833 ,

154 1854 281 1955 egisse,
306 1871 346 1934 ut
367 1852 506 1958 Jubilaei
529 1853 768 1958 consequendi
792 1853 928 1950 legibus
951 1856 984 1932 l'e
1006 1851 1200 1935 satisfecisse
1253 1929 1256 1936 ,

154 1955 229 2033 hoc
261 1954 374 2032 modo
409 1951 692 2031 certioresfsiant
734 1954 938 2053 Eademque
965 1954 1010 2032 de
1032 1955 1130 2034 causa
1146 1955 1201 2045 ‚si
1337 1974 1341 1984 ’

155 2062 231 2153 quis
259 2055 449 2152 postquam
478 2066 622 2152 peccata
655 2050 899 2149 deposuisset,
925 2053 1205 2153 inchoatamque
1298 2147 1302 2154 ,

155 2157 236 2253 pust
256 2154 482 2231 Ecclesiarum
505 2151 761 2237 vifitationtms
780 2154 818 2229 in
843 2153 992 2231 mortale
1015 2172 1204 2250 peccatum

155 2252 286 2353 (quod
317 2252 417 2331 Deus
442 2252 606 2340 avertat)
635 2254 733 2350 prola
763 2252 817 2331 sus
843 2251 982 2331 suisset,
1009 2255 1093 2334 illud
1113 2278 1205 2333 con·

156 2355 246 2432 fiteti
269 2354 433 2439 deberet,
455 2354 489 2429 u
509 2369 674 2450 coeptum
696 2276 900 2431 vidtationis
920 2353 1058 2433 diemm
1076 2379 1202 2439 naurs·
1268 2366 1270 2369 ’

156 2474 256 2544 rum,
281 2456 344 2555 qui
369 2451 590 2551 prescriptos
602 2453 693 2543 test,
718 2457 930 2534 continuare
944 2495 1019 2549 η.
1139 2511 1141 2516 .

431 2627 934 2728 ascutaxrt.

131 2792 218 2884 'Ad
249 2791 441 2900 plenariam
471 2784 766 2899 indulgentiam,
784 2805 889 2880 etiam
920 2792 1057 2904 Juatset
1081 2792 1208 2885 conse-⁸

207 2906 386 3002 quendam
403 2959 414 2988 ,
431 2909 517 2977 totis
534 2905 665 2980 viribus
683 2902 788 2984 eniti,
809 2898 846 2978 &
866 2907 966 2981 omni
984 2906 1101 2983 studio
1114 2929 1206 2984 con·

207 3002 352 3081 tendere
369 2993 503 3078 necesse
518 3000 622 3077 estad
634 3003 910 3079 satisfaciendum
925 3004 1060 3098 justitia
1075 3007 1206 3087 diviua

208 3106 400 3198 congruis,
424 3104 458 3171 δι
483 3101 656 3179 diuturnis
679 3104 900 3196 poenitentiae
920 3103 1112 3185 laboribus·
1184 3181 1186 3185 .

164 3255 254 3428 H
267 3282 318 3337 aec
336 3255 471 3356 Regula
495 3257 675 3354 colligitur
689 3279 735 3336 ex
755 3267 786 3334 S.
799 3262 979 3352 cypriano,
1001 3233 1064 3358 qui
1084 3257 1208 3363 Indus.
1232 3231 1406 3384 fiffiffl·

282 3362 418 3456 gentius
444 3357 533 3436 illius
562 3359 736 3435 duntaxat
761 3360 861 3451 lapsis
888 3365 1039 3438 concedi
1067 3363 1206 3450 soluit.
1228 3397 1265 3458 aa
1284 3395 1386 3459 eonio

167 3465 226 3558 qui
254 3462 473 3558 poenitentia
501 3461 692 3535 maximam
717 3476 856 3556 partem
877 3459 1122 3555 implevissent.
1148 3464 1207 3540 Sic
1237 3466 1386 3549 quendam

166 3562 259 3637 enim
272 3558 390 3636 scribit
402 3558 445 3634 ad
459 3555 683 3636 consessores
708 3558 811 3659 Epist.
825 3577 881 3628 10.
898 3619 919 3652 ,‚
937 3540 979 3638 lit
999 3561 1081 3637 ideo
1099 3583 1208 3658 peto,
1229 3546 1391 3640 induigen-

167 3715 186 3753 ,,
201 3677 244 3738 ut
270 3682 334 3735 eos
359 3709 370 3737 .
399 3681 491 3752 uuus
522 3656 585 3754 ipss
606 3657 727 3733 videtis
756 3682 880 3757 ,quos
901 3663 1029 3744 nuliis,
1049 3684 1208 3758 quorum
1241 3639 1323 3690 ‘w'

167 3813 186 3852 „
203 3761 454 3858 poenitentiam
478 3759 566 3832 scitis
587 3805 596 3834 ‚
621 3757 808 3853 designetis
835 3762 1049 3836 nominatim
1068 3762 1208 3849 libello,

97 3934 100 3941 ,
167 3863 222 3937 &c
245 3913 316 3949 „„.
347 3855 452 3933 Aliter
474 3853 672 3934 concessam
695 3857 954 3954 indulgentiam
971 3856 1038 3935 effe
1055 3864 1102 3938 ait
1123 3885 1215 3937 con·

168 3972 217 4035 tra
231 3955 391 4035 Eccleliae
404 3956 619 4054 disciplinam
635 4006 641 4029 .
657 3963 777 4026 Contra
798 3959 978 4053 Evangelii
986 3960 1097 4050 legem.
1123 3958 1215 4037 Pro.

169 4058 336 4134 visorium
362 4058 515 4153 denique
551 4054 733 4134 decretum
756 4055 913 4157 Africana
936 4058 1058 4141 simul,
1079 4062 1115 4135 dr
1139 4059 1215 4137 Ro-

171 4182 273 4234 mana
302 4154 452 4233 Ecclesia
475 4157 683 4242 ediderunt,
701 4170 741 4233 ut
766 4160 805 4231 iis
828 4159 1000 4238 duntaxat
1024 4158 1218 4255 indulgen·

172 4261 238 4338 tia,
262 4281 370 4353 quam
395 4256 570 4354 Martyres
592 4279 658 4351 pro
687 4256 765 4350 ipsis
786 4258 1063 4350 postulaverant,
1083 4282 1216 4336 conce·

175 4358 335 4438 deretur,
350 4357 415 4455 ¹qui
439 4357 474 4429 in
497 4356 570 4449 ipsu
593 4360 812 4450 poenitentiae
826 4359 946 4437 ,stadio
966 4373 1083 4434 morte
1107 4363 1214 4435 inter.

178 4461 381 4553 ciperentur.
417 4452 470 4531 lta
502 4458 597 4530 enim
633 4457 748 4532 scribit
780 4455 964 4533 Romanus
990 4457 1120 4535 Clerusr
1135 4457 1215 4555 Epi·

183 4555 260 4630 [iola
275 4560 363 4631 inter
376 4553 602 4654 cyprianicas
617 4573 675 4642 31·
696 4613 717 4647 „
730 4611 752 4648 „
781 4553 915 4632 Eorum
931 4575 1218 4656 autemquorum

186 4656 256 4731 tite
279 4654 345 4735 suae
372 4654 481 4734 sineru
495 4678 624 4754 urgens
635 4659 762 4834 ἑκίωε
779 4656 987 4737 dilationem
1005 4682 1084 4739 nun
1105 4656 1223 4754 potest
1368 4742 1380 4764 Ι

693 4775 716 4836 2
800 4778 804 4787 ¹
1117 4758 1208 4834 iet-'
