3200 5375
303 790 308 801 .
353 708 423 842 Db
453 655 674 798 Beneficiis
709 695 1001 806 Ecclefiasticra'
1121 689 1212 818 a&

155 875 470 960 Praedecelsoribus
494 883 649 956 romania
670 878 901 959 Pontificibus
919 877 1110 959 extorserat
1130 903 1205 959 mt-

149 989 355 1081 gis,‚quam
372 980 584 1057 obtinuerat.
626 979 672 1056 lis
698 981 907 1081 quibuscum
937 986 981 1057 ab
1010 978 1205 1075 apostolica

151 1083 245 1159 sede
275 1081 507 1177 dispensatum
530 1081 664 1165 suerat,
683 1079 914 1157 solummodo
950 1080 1139 1173 indulget,
1162 1094 1204 1156 ut

148 1206 237 1274 ‚cum
261 1178 437 1255 beneficio
467 1203 588 1256 curam
615 1182 810 1258 animarum
836 1179 990 1258 habente
1013 1234 1024 1266 ,
1051 1176 1203 1276 fimple'x

148 1284 323 1365 alterum,
347 1278 403 1356 seu
420 1303 541 1355 curam
561 1303 636 1356 non
662 1280 793 1356 babens
815 1282 963 1355 retinere
984 1276 1062 1374 ipsu
1087 1280 1200 1358 liceat.
1333 1332 1336 1339 -

108 1393 113 1398 '
149 1379 236 1458 Illos
262 1403 348 1456 vero
363 1423 375 1462 ‚
392 1381 453 1478 qui
477 1378 547 1455 srne
573 1378 827 1478 dispensatione
848 1382 1020 1456 canonica
1043 1377 1203 1477 pluribuc

148 1480 354 1574 hujusmodi
381 1478 556 1555 beneficiis
583 1480 662 1556 sunt
688 1478 843 1565 adaulli,
865 1479 921 1555 illa
945 1481 1122 1555 dimittere
1146 1479 1206 1572 ju.

150 1582 236 1665 bet,
253 1602 298 1655 eo
320 1578 495 1657 duntaxat
516 1580 673 1656 servato,
690 1580 790 1678 quod
813 1579 941 1656 ultimo
967 1593 1202 1675 receperuntt

151 1682 286 1777 alioqui
319 1678 396 1774 ipso
425 1680 502 1771 jure
525 1683 713 1756 omnibus,
734 1681 781 1754 ἃ.
798 1680 860 1755 illo
885 1680 989 1753 etiam
1019 1679 1203 1777 postremo

152 1784 333 1879 privator,
354 1773 461 1875 atq‘ue
485 1779 611 1855 adalia
633 1780 874 1875 cujuscunque
896 1777 962 1855 saut
980 1782 1118 1876 generis
1136 1786 1204 1854 ob-

152 1879 320 1962 tinenda.
338 1884 476 1971 penitus
505 1877 673 1954 inhabiles
696 1880 858 1955 declarat·
895 1878 989 1953 Mala
1013 1875 1200 1977 deplorat,
1276 1887 1278 1895 '

112 2033 114 2045 .
154 2000 234 2077 quae
251 2000 297 2053 ex
319 1978 384 2054 bac
405 1978 542 2076 spiritali
568 1978 773 2080 polygamiae
804 1982 979 2055 oriuntur.
1002 2032 1057 2070 ,‚.,
1087 1975 1202 2068 Quod

157 2078 320 2153 videlicet
342 2081 519 2154 interdum
547 2103 638 2155 unua
655 2129 663 2142 ·
680 2084 740 2178 qui
761 2082 907 2155 unicum
936 2083 1097 2178 quamvis
1122 2095 1203 2154 mo·

154 2178 277 2254 dicum
298 2178 357 2254 rix
382 2174 541 2255 officium
565 2180 712 2275 implere
732 2175 934 2264 sufficeret,
963 2175 1202 2275 plurimorum¹

155 2276 218 2353 sibi
237 2278 394 2355 vindicet
416 2278 617 2375 stipendia«,
634 2302 714 2375 quae
740 2279 859 2356 multia
887 2280 1028 2355 literatis
1049 2279 1128 2354 viria
1150 2278 1202 2352 tl-

154 2392 200 2453 tae
223 2379 393 2474 puritate,
413 2399 456 2452 ac
479 2377 682 2456 testimonio
709 2381 813 2455 bonae
838 2379 938 2455 samar
962 2377 1200 2481 pollentibm.

154 2480 216 2575 qui
237 2479 462 2554 mendicant.
481 2476 620 2573 possent
637 2478 776 2555 abunde
790 2476 946 2555 sufficere
965 2497 1066 2576 aequa
1087 2478 1201 2553 distri·
1334 2542 1336 2546 Α
1422 2558 1428 2570 x

152 2578 304 2653 batione
317 2578 464 2669 collata;
479 2576 686 2655 habentibus
706 2579 775 2672 ipsa
796 2595 938 2677 paratur
956 2578 1107 2676 vagandi
1125 2599 1201 2652 ma·

155 2684 264 2768 teria;
286 2677 425 2754 divinus
456 2677 572 2774 cultus
594 2681 792 2762 minuitur,
822 2676 1036 2774 hospitalitas
1059 2681 1095 2754 in
1118 2673 1200 2773 ipfia

156 2775 333 2870 beneficiis
353 2777 469 2854 debita
492 2803 566 2855 non
588 2777 761 2868 servatum
776 2778 813 2854 &
831 2781 918 2856 dum
939 2801 1013 2853 non
1033 2778 1112 2854 sunt
1133 2776 1199 2855 sule

160 2874 197 2952 in
222 2901 433 2976 unaquaque
458 2883 605 2974 regione
633 2881 809 2966 restores,
831 2875 1063 2957 Ecclesiarum
1085 2876 1200 2953 detra·
1336 2925 1341 2936 »

161 2975 258 3053 hitur
278 2979 498 3065 commodis,
520 2981 555 3053 aa
581 2978 739 3065 honori,
762 3003 841 3075 quac
864 2997 1021 3055 carentes
1041 2975 1203 3052 defenso·

159 3099 239 3151 rum
259 3077 408 3162 auxilio,
428 3081 464 3151 in
478 3081 611 3173 juribus
630 3079 718 3162 suis,
744 3080 1014 3175 &libertatibus
1032 3076 1203 3172 multipli-

159 3184 246 3251 citer
268 3176 522 3266 collabuntura
540 3182 577 3254 dt
598 3182 706 3256 ruinis
730 3195 851 3274 patent
875 3177 1021 3255 aedificia
1046 3177 1204 3268 nubilar

159 3292 240 3373 quae
252 3276 510 3374 magnificentia
522 3286 726 3357 extruxerat
739 3277 971 3356 Decessorum
983 3293 994 3361 l
1005 3278 1060 3363 dt,
1078 3272 1203 3377 lquod

160 3380 307 3452 amarius
319 3377 368 3452 ert
381 3377 607 3472 dolendum)
631 3384 828 3456 animarum
844 3403 927 3455 cura
939 3375 1149 3476 negligitur,
1165 3374 1203 3452 dc

163 3478 332 3553 vitiorum
344 3475 495 3554 sentitur
515 3478 716 3556 fomentum
727 3479 921 3576 periculose
939 3481 1114 3576 praebetur
1133 3530 1155 3562 ‚r
1168 3519 1205 3566 n·

184 3572 427 3680 UHujusmodi
455 3575 709 3656 beneficiorum
737 3577 971 3676 pluralitatem
998 3577 1093 3653 uelut
1116 3573 1201 3651 hor·
1221 3565 1376 3667 lteram*

162 3679 314 3752 rendum
330 3678 530 3774 cupiditatis
547 3675 745 3755 monstrum
765 3677 972 3755 insectantur
992 3685 1106 3747 Petrus
1122 3681 1201 3744 Can·
1220 3652 1405 3792 fidstfddrelda:
1453 3730 1456 3736 .

164 3795 219 3848 tor
243 3773 434 3853 Parisienlia
472 3777 628 3855 Ecclesiae
651 3781 687 3853 in
715 3777 820 3848 Verbo
848 3775 1067 3849 abbreviato.
1089 3800 1120 3852 c.
1142 3791 1199 3868 31,
1219 3775 1372 3867 fimum

164 3895 223 3958 32.
249 3893 266 3968 3
275 3897 306 3965 3.
332 3879 368 3951 dt
393 3896 452 3967 34·
488 3879 692 3948 Gurllrrlmrrt
719 3869 932 3964 Parisseafis,
962 3868 1129 3955 Tradlatu
1165 3865 1201 3944 dt
1220 3878 1377 3966 benelicip·

160 3981 266 4069 ¹‘ur'tt't‘r
283 4029 294 4061 ,
312 3977 354 4047 Ψ
372 3980 536 4068 peccetis,
560 4000 591 4057 c.
604 4001 639 4066 9.
671 3982 706 4054 ἃ
734 3971 854 4053 Trasl·
881 3981 933 4048 De
955 3980 1130 4046 solatione
1150 3941 1425 4091 b‘·mst}1·h¹1¹¹⁰s⁰.·

166 4069 420 4162 nesciorum.
436 4087 469 4151 6·
487 4077 626 4149 Thomas
649 4081 901 4167 cantipratanus
923 4075 1014 4153 libro
1029 4093 1060 4147 1.
1078 4081 1207 4167 Apum,
1223 4047 1395 4172 flam·

168 4200 202 4252 c.
226 4193 280 4266 19.
309 4178 370 4252 ubi
397 4179 501 4253 refert
517 4226 529 4261 ,
544 4201 641 4254 anno
674 4174 858 4254 millesimo
876 4175 1209 4253 ducentesimotri-
1295 4197 1297 4202 ·

168 4276 305 4371 gesimo
332 4278 481 4358 ostano,
498 4304 574 4376 quo
604 4276 732 4353 Parisiis
766 4278 961 4352 versabatur
988 4276 1211 4345 Gnr'llrelmunr

167 4376 388 4456 Parilienl'ern
412 4375 626 4473 Episcopum
651 4377 821 4472 magistris
843 4378 1009 4452 omnibus
1032 4376 1133 4451 sacrae
1149 4371 1212 4451 Fa·

170 4478 310 4553 cultatia
329 4481 363 4551 in
387 4476 554 4570 Capituln
579 4475 643 4552 FF·
664 4475 960 4559 Praedicatorum,
977 4479 1020 4549 ad
1044 4474 1215 4565 &Jacobs
1295 4506 1299 4512 ¹

171 4581 418 4672 congregaris*
443 4579 623 4678 proposita
642 4579 834 4672 quaelbone
861 4576 905 4650 de
934 4576 1128 4674 pluralitate
1156 4579 1216 4651 be·

172 4676 411 4766 deliciorum,
430 4677 509 4774 ipsis
538 4675 806 4771 suffragantibus
835 4670 1018 4754 declarasse
1033 4671 1087 4766 a‘„
1131 4675 1217 4752 [luo

640 4783 765 4854 aaa
1068 4830 1089 4868 „
1111 4777 1170 4850 be·
