3200 5375
120 506 124 515 ι

231 832 233 837 1
367 751 457 828 ψ
569 714 725 820 rhen
750 724 929 840 noga&
951 724 1103 822 noro.
1126 725 1232 857 ru..
1250 729 1312 889 rr.

189 911 266 932 ·1
637 894 1157 997 carurrm

572 1068 630 1143 De
656 1060 814 1146 Minidio
836 1070 1041 1144 Sacramenta·
1062 1070 1211 1144 Oedinr‘ro

459 1219 942 1345 ARTIQULUS
993 1225 1201 1310 PRlM
1237 1228 1340 1332 US.

352 1380 494 1464 *Utrum
523 1381 619 1473 sacre
646 1382 874 1459 vadimonis
901 1382 1048 1466 mr'nr'lier
1066 1382 1112 1476 fit
1127 1387 1215 1476 solus
1239 1391 1426 1489 Episcopo.

471 1533 999 1625 PROPOSITIO
1049 1539 1324 1633 PRIMA.

438 1675 596 1782 Ministep
617 1678 820 1750 Sacramenta·
844 1678 978 1749 Ordinis
1001 1674 1044 1758 eri
1062 1677 1151 1767 soler
1172 1678 1359 1774 Episcopus.

209 1814 360 1893 nemini.
467 1805 665 1884 atholicum
698 1805 792 1884 istud
827 1802 975 1905 Dogma
1006 1806 1056 1885 est
1091 1830 1112 1883 a
1138 1805 1306 1886 Concilio
1322 1807 1445 1887 Trid..

174 1898 235 1994 ΜΟ,
263 1900 351 1962 otd'o
484 1906 643 1996 Seri-23·
664 1928 743 2004 cap.
759 1913 794 1981 6.
814 1907 851 1982 de
876 1906 965 1983 Can.
978 1924 1015 2001 7.
1041 1904 1239 1985 definitum·
1269 1909 1428 1986 Potesta-

175 1992 340 2093 ΨΜ·
380 2024 455 2086 tem
488 2010 584 2084 eninr
613 2002 774 2083 Eccleiiae
795 2007 972 2083 ministros
996 2006 1183 2083 ordinandi
1209 2005 1426 2107 Episcopum

236 2164 242 2173 -
380 2109 532 2191 habere,
550 2105 713 2205 hancque
732 2104 781 2182 iiii
804 2128 880 2182 non
897 2103 966 2182 effe
984 2128 1068 2183 cum
1086 2104 1299 2206 Presbytero
1323 2131 1428 2184 com·

381 2230 554 2286 munem.
576 2206 668 2282 sacra
693 2200 863 2304 Synodur
884 2205 1047 2283 deciarat·
1070 2204 1185 2308 Quod
1207 2210 1243 2281 δι
1262 2231 1308 2283 err
1334 2206 1429 2284 Son

381 2324 485 2406 ptura
507 2306 616 2391 sacra,
634 2305 671 2380 dr
689 2327 735 2380 ex
754 2303 964 2381 Traditione
985 2323 1214 2402 compertum
1236 2306 1296 2382 est·
1322 2306 1428 2384 Chri·

381 2411 452 2485 stus
472 2406 628 2482 summor
651 2403 823 2481 Sacerdos
846 2405 1037 2501 Apostolos
1051 2406 1178 2480 suooi'n
1203 2407 1325 2483 ultima
1339 2407 1427 2486 Coe·

380 2532 427 2584 na
442 2506 648 2583 Sacerdotes
662 2504 838 2580 ordinavit
852 2503 903 2578 his
918 2507 1048 2580 verbis:
1066 2511 1142 2574 Hoc
1153 2503 1256 2591 facere
1271 2511 1305 2575 in
1317 2530 1425 2577 meam

381 2607 736 2688 commemorationem,
759 2618 799 2680 ut
821 2602 936 2683 Cone.
954 2603 1054 2686 Trid.
1083 2604 1235 2682 declarat
1263 2604 1345 2682 Seff.
1363 2627 1426 2679 22.

221 2741 231 2752 ·
382 2708 470 2786 Can.
487 2724 521 2777 2·
555 2704 715 2802 Apostoli
740 2705 870 2796 septem
892 2708 1025 2802 primos
1058 2703 1242 2782 Diaconos
1263 2731 1282 2782 a
1301 2708 1424 2784 moiri-

380 2807 507 2886 tudine
528 2802 699 2881 Fidelium
718 2802 867 2886 eleum,
879 2828 940 2901 per
956 2828 1128 2881 manuum
1154 2806 1424 2903 impositionem

382 2907 614 2985 ordinarunt,
636 2903 709 2974 Ait.
719 2897 755 2983 6.
780 2899 924 2986 Paulus.
944 2904 980 2977 de
1002 2901 1172 2980 Barnabas
1195 2929 1256 3002 per
1270 2905 1426 3002 fingulae

379 3002 549 3085 Ecclesras
570 3001 796 3101 Presbyteros
821 3004 1075 3090 constituunt,
1104 3004 1179 3075 Ad.
1210 3028 1263 3087 r4.
1292 3003 1424 3082 Timo·

380 3107 508 3183 theom
533 3125 705 3178 manuum
739 3100 879 3176 [uarum
908 3102 1135 3197 impofitione
1174 3102 1425 3204 Presbyterum

379 3204 585 3282 ordinatum
607 3201 748 3277 testatur
760 3202 795 3278 ὃ.
811 3199 1253 3278 marmannorum
1272 3230 1301 3277 ι.
1316 3205 1423 3283 ldem

378 3297 600 3380 Timotheo,
615 3297 750 3374 &Tito
770 3315 937 3396 tanquam
957 3296 1140 3397 Episcopis
1154 3303 1325 3390 declarat,
1341 3308 1425 3405 qui·

378 3404 446 3477 bus
462 3424 586 3475 manus
607 3402 792 3490 imponere
815 3453 825 3482 ,
846 3400 881 3472 &
903 3423 994 3497 quos
1023 3402 1077 3475 vei
1109 3402 1300 3499 Episcopus
1327 3460 1338 3491 ‚
1365 3400 1424 3481 vel

377 3496 606 3599 Presbyteros
627 3497 788 3572 ordinare
807 3499 973 3579 debeant,
992 3506 1072 3568 rud
1093 3500 1299 3573 Timotheum
1325 3524 1358 3593 3.
1377 3507 1425 3577 d*

380 3621 413 3689 ς.
429 3595 645 3675 &adunam
668 3594 933 3673 numatianus
955 3597 1271 3679 schismaticum&
1297 3600 1422 3682 Haere·

286 3769 292 3778 ,
378 3695 510 3776 fiarcha
546 3751 557 3782 ‚
597 3719 680 3772 cum
716 3692 965 3793 Episcopatum
1002 3723 1191 3777 romanum
1241 3706 1424 3787 ambiret,

330 3796 334 3802 “
376 3798 470 3874 duos
492 3795 683 3894 deplorata
699 3793 821 3873 salotis·
835 3797 998 3874 homines
1021 3798 1083 3875 srbi
1103 3799 1216 3877 socios
1230 3803 1423 3898 adjunxit.

377 3914 420 3975 ut
439 3921 501 3974 eor
521 3899 557 3972 in
581 3900 772 3990 exiguam,
788 3918 829 3971 ac
848 3896 1038 3973 viliffimam
1058 3898 1162 3976 ltaliae
1180 3921 1316 3989 partem
1334 3906 1420 3979 mit-

377 4012 494 4080 teret,
515 4012 623 4094 atque
650 3995 745 4071 illinc
765 3997 897 4073 accitos
914 4012 982 4073 tren
1005 3994 1225 4098 Episcopo,
1252 4002 1421 4081 homines

375 4098 482 4193 piane
501 4096 622 4178 rudes,
637 4118 678 4172 ac
699 4094 891 4188 simplices,
914 4096 1132 4174 fraudulenta
1145 4099 1297 4198 quadam
1310 4102 1421 4178 molr.

375 4197 475 4271 tione
509 4195 688 4291 deciperet
715 4218 726 4287 3
762 4193 1033 4271 constantissime
1069 4195 1244 4275 affirmans
1268 4254 1278 4286 ‚
1304 4202 1421 4296 “ipson

373 4297 639 4392 quamprimum
658 4291 814 4369 Romam
834 4293 1008 4391 proficisci
1033 4313 1275 4392 oportere,ut
1296 4302 1420 4378 omnir

373 4395 626 4492 undecumque
648 4408 724 4467 orta
741 4393 910 4469 discordia
931 4447 941 4479 ,
963 4395 1119 4493 ipsorum
1142 4422 1210 4476 una
1238 4423 1323 4476 cum
1343 4400 1419 4477 aliie

289 4569 300 4585 ,
370 4487 553 4588 Episcopis
571 4494 771 4569 interventu
800 4508 907 4590 atque
931 4498 1074 4571 arbitrio
1106 4497 1293 4581 sedaretur.
1337 4498 1420 4594 Qu

368 4613 453 4668 com
476 4590 787 4671 adreniffent‚e0s
809 4592 864 4667 ilie
882 4593 1032 4669 inclusos
1055 4594 1141 4671 hora
1164 4597 1325 4686 decima,
1364 4620 1423 4675 te.

362 4692 542 4802 rquientos
553 4742 566 4780 ,
577 4692 620 4774 de
636 4689 777 4789 crapula
793 4690 998 4789 oppressor,
1014 4695 1246 4783 adumbrata,
1260 4699 1297 4775 &
1318 4699 1418 4808 inani

234 4844 238 4850 -
1283 4819 1361 4879 ma·
