3200 5375
381 787 384 798 ¹
445 813 516 905 De
543 813 669 905 Horis
697 816 939 910 cmonicis.
1084 839 1217 929 ¹sne
1308 771 1312 792 ¹

173 983 337 1072 ordinis,
361 1006 470 1083 quarn
493 984 751 1084 obligationem
778 1010 855 1066 non
882 989 932 1068 est
956 982 1161 1075 verisimile,
1186 1003 1226 1067 ut
1241 975 1426 1050 Mello&

174 1083 236 1163 SS.
269 1083 326 1161 ille
344 1085 509 1168 Pontifex
531 1086 704 1184 abrogare
726 1089 891 1166 voluerit·
920 1145 942 1180 „
961 1143 983 1177 „
1013 1083 1151 1166 Etenim
1180 1089 1227 1167 de
1239 1075 1389 1160 ‘imm‘

173 1185 298 1264 valore
329 1185 546 1283 particularis
586 1184 853 1265 consuetudinis
893 1188 983 1265 olim
1018 1186 1114 1263 nulls
1152 1202 1228 1267 erat

173 1283 416 1368 controuersia
435 1288 527 1365 inter
553 1283 730 1363 nouom
749 1335 760 1369 ,
780 1285 838 1364 sed
861 1310 988 1364 omnes
1014 1289 1227 1365 unanimiter

171 1388 438 1486 conveniebant
455 1391 492 1465 iu
512 1387 607 1468 hoc,
628 1400 669 1464 ut
683 1390 846 1464 recitatio
867 1384 976 1469 officii
988 1382 1071 1462 esset
1087 1388 1121 1461 in
1137 1410 1227 1479 uras-

173 1498 318 1583 cepto.
344 1485 369 1566 ss
394 1487 441 1562 ltu
474 1485 509 1563 l'e
540 1486 685 1562 haberet
716 1483 878 1565 Ecclesrae
896 1528 909 1567 s
930 1499 992 1563 sut
1025 1486 1226 1569 nonasterii

172 1582 401 1680 consuetudo
420 1640 442 1675 „
456 1627 503 1678 „2
528 1587 673 1685 (inquit
696 1583 926 1682 Fagnanus.)
954 1585 1087 1672 Addit.
1115 1588 1227 1663 ratio·

173 1706 259 1764 nens
283 1684 379 1764 iliam
409 1682 683 1763 Constitutionis
703 1685 739 1763 S·
759 1684 809 1762 Pii
826 1684 874 1763 V.
908 1688 989 1758 Nos
1008 1699 1142 1779 propter
1161 1708 1226 1756 ve·

174 1787 229 1855 ria
254 1784 349 1877 hujus
373 1787 452 1856 vira
472 1793 603 1879 negotia
630 1787 806 1856 multorum
828 1784 1091 1876 occupationibus
1116 1786 1227 1856 indul.

170 1899 311 1982 gentes,
330 1886 403 1957 dc.
432 1908 510 1961 non
529 1889 726 1963 convenire
748 1882 959 1964 Messenis.
977 1889 1039 1986 qui
1066 1908 1087 1961 s
1109 1908 1226 1983 nego·

174 1985 260 2063 tiis,
283 1984 319 2061 &
341 1987 640 2082 occupationibus
662 1985 849 2063 mundanis
867 1986 1008 2084 prorsus
1029 1980 1224 2083 segregati,

174 2081 310 2163 facilius
346 2081 491 2186 possunt
526 2088 682 2162 orationi
708 2106 842 2163 vacare.
880 2084 968 2164 can.
996 2086 1156 2173 Placuit,
1186 2086 1257 2162 ds⁴

175 2205 256 2270 cau.
283 2186 320 2253 Si
341 2188 432 2277 cupis
459 2181 542 2270 crus
568 2181 626 2258 16.
656 2207 686 2281 q.
710 2203 742 2255 1.

228 2281 281 2363 Ex
302 2283 368 2361 isac
390 2284 542 2363 suiloris
566 2284 647 2372 in‘ris
674 2285 839 2366 canonici
861 2282 1053 2379 peritissimi
1078 2282 1222 2381 respon·
1240 2270 1366 2364 ⁸⁶⁰¹i⁰i

174 2380 274 2460 lione
295 2384 476 2481 colligitur
494 2380 653 2462 officiunt
681 2409 830 2483 parsum
853 2381 1080 2482 RVirginis',
1103 2386 1141 2463 in.
1162 2405 1219 2460 or·
1239 2348 1431 2503 ,ἳᾛξζῇ

173 2483 260 2560 dine
282 2486 409 2580 pariter
432 2482 501 2562 FF·
520 2484 792 2566 Praediesturusn
812 2483 880 2564 else
896 2507 942 2560 ex
971 2500 1152 2583 precepto
1169 2505 1223 2561 re·
1239 2470 1354 2593 cuique
1379 2502 1414 2562 in

173 2586 357 2660 citandum
377 2586 422 2659 ab
447 2585 860 2685 omnibus‚&s1ngulis
883 2585 1046 2661 iratribus
1070 2583 1114 2659 ad
1132 2584 1217 2659 cho·
1239 2576 1390 2666 0¹¹⁰¹⁰5¹
1451 2677 1454 2681 ι

174 2681 257 2761 rum
280 2679 462 2775 uroseffiss
489 2685 772 2782 quotiescunque
794 2693 960 2763 recitatur
981 2688 1015 2757 in
1034 2681 1152 2762 choro
1177 2705 1224 2764 ex
1239 2651 1436 2795 ssffnsfissffi‘so,

174 2782 378 2881 prescripto
407 2781 716 2862 Conliitutionum
744 2841 755 2873 ,
780 2807 824 2861 se
850 2787 1092 2867 rubricarum,
1108 2784 1144 2858 sc
1175 2805 1222 2860 ex
1239 2825 1337 2876 nun,
1361 2809 1389 2867 n

174 2874 432 2962 consuetudine
444 2884 488 2957 ab
501 2879 648 2961 Ordinis
671 2883 827 2960 exordiis
841 2882 1000 2978 religiose
1018 2879 1223 2970 obserrua3
1239 2880 1419 2971 minearum

174 2981 404 3079 mortalisque
427 2986 563 3075 peccati
599 3006 678 3059 reus
702 2983 769 3062 else
792 3040 804 3070 ‚
826 2987 888 3084 qui
910 2983 999 3059 illius
1026 2984 1222 3058 recitationi
1240 2957 1375 3048 brevians

173 3080 363 3162 doluerint.
394 3078 492 3158 idern
512 3083 587 3158 elio
611 3085 783 3180 judicium
811 3082 855 3158 de
880 3079 1003 3167 officio
1026 3078 1219 3159 Desunsio·
1239 3032 1430 3179 ssgffipss

164 3200 256 3258 rum
293 3176 435 3278 ssngulis
458 3180 743 3264 hebdomadibus
782 3183 888 3261 semel
918 3179 1289 3268 recitaremus

174 3280 212 3352 so
233 3279 352 3368 choro,
375 3304 471 3374 quem
493 3302 603 3355 extra.

225 3377 314 3457 Haec
335 3379 517 3481 responfio
535 3381 768 3460 confirmatur
792 3382 1000 3460 sudoritate
1022 3387 1057 3457 s..
1071 3378 1222 3465 Time,
1240 3393 1330 3486 'idern⁸
1347 3391 1408 3455 eu·

174 3475 400 3577 Quodlibeto
416 3502 449 3560 s.
476 3506 536 3584 qu
553 3504 585 3572 ς.
611 3500 722 3559 arus·
750 3486 808 3560 ubi
830 3485 981 3580 querit:
1005 3482 1128 3558 Uerum
1151 3484 1223 3547 cte.
1239 3472 1385 3546 1⁰d¹⁶¹¹1¹¹²

174 3600 265 3650 ricus
288 3576 498 3667 &reficiatur
516 3601 666 3652 teneatur
684 3586 718 3651 in
734 3582 854 3669 scholis
873 3580 1011 3658 exiliens
1034 3583 1140 3651 dicere
1155 3545 1403 3685 (1ῆίᾸῦἰὲῗᾶἒῖ

172 3683 261 3750 sium
286 3698 499 3765 mortuorum.
527 3682 585 3758 Sic
606 3687 724 3761 autern
744 3681 957 3778 respondet:
977 3737 999 3774 „
1014 3737 1037 3774 „
1064 3679 1223 3759 Clericus
1241 3720 1306 3761 rum
1326 3699 1423 3772 fingu-

172 3798 221 3857 ex
248 3777 321 3855 hoc
344 3779 442 3879 ipso,
457 3781 557 3881 quod
581 3783 628 3858 eli
650 3780 834 3867 Clericus,
859 3784 895 3857 ds
918 3785 1094 3878 praecipue
1112 3783 1151 3860 in
1175 3779 1221 3856 sa·
1240 3775 1277 3838 ns
1292 3774 1405 3864 neuun.

172 3881 241 3956 cris
263 3876 460 3958 Ordinibus
483 3881 719 3969 constitutus,
741 3896 885 3958 tenetur
898 3883 1014 3957 dicere
1040 3883 1145 3956 boras
1166 3902 1223 3956 ca-
1242 3851 1390 3921 ‘mmm

173 3981 333 4059 nonicas.
377 3977 445 4056 Sed
469 3984 505 4057 in
529 4001 705 4082 quantum
735 3982 785 4058 eli
812 3980 971 4060 Clericus
997 3979 1226 4056 beneficiatus

171 4079 210 4153 ln
231 4076 297 4156 hec
328 4077 474 4157 Ecclesia
500 4129 510 4162 ‚
531 4097 672 4158 tenetur
695 4079 812 4157 dicere
842 4077 1002 4162 officum
1029 4079 1226 4156 secundo-ns

172 4177 326 4269 modum
360 4178 449 4256 iliius
482 4176 652 4259 nectens.
689 4177 748 4258 Eli
780 4203 870 4277 ergo
901 4177 1223 4264 confiderandnns,
1318 4224 1321 4230 ·

172 4277 275 4373 qnod
303 4274 463 4357 officium
494 4294 723 4357 mortuorunt
757 4281 978 4378 quandoque
1014 4283 1050 4353 in
1075 4275 1226 4357 nectens

173 4376 304 4453 dicitur
317 4377 405 4455 stcut
424 4378 601 4454 ordinarie
614 4383 790 4475 pertinens
808 4381 851 4454 ad
863 4376 1024 4463 Ecclesrae
1040 4373 1225 4464 officiunt,

173 4472 264 4557 sicut
289 4479 324 4552 in
347 4493 423 4555 tota
446 4476 594 4556 Ecclesia
619 4482 655 4555 in
690 4479 748 4554 die
768 4481 964 4555 animarum
993 4478 1122 4553 dicitur
1145 4473 1228 4554 offn-

170 4580 268 4652 cium
294 4599 363 4673 pro
390 4580 543 4655 mortuis
565 4580 636 4671 3&
665 4579 701 4656 in
726 4579 882 4674 qualibet
911 4574 1062 4656 Ecclesia
1085 4576 1134 4653 eli
1160 4576 1224 4652 ali·

173 4695 245 4772 uua
269 4672 372 4773 super
397 4676 471 4754 hue
492 4676 644 4775 specialis
667 4678 916 4772 'conliserud03
941 4694 1047 4773 puta,
1068 4692 1108 4755 ut
1130 4678 1229 4754 dica·

161 4772 1233 4978 ‘lilioldonisofficiummffiogumssuelinseptins'aeria.
