3200 5375
365 695 435 790 Dc
462 693 730 786 Sacramento
758 696 942 792 Ordinis.
1010 733 1021 746 ·
1128 639 1242 803 163ἱ

153 822 255 965 *mm
274 891 356 961 r„„
383 847 1117 964 Ceterum(iniquirlschilmaticorum‚dr
1138 870 1211 947 hae.

167 971 362 1050 sericorum
393 965 647 1051 Sacramenta,
677 972 850 1069 quoniam
885 983 985 1045 extra
1021 966 1209 1054 Ecclesiam

164 1063 457 1164 lirot,juxtaSS.
481 1066 623 1144 Petrum
645 1069 880 1154 traditiones,
905 1068 1033 1145 seilicet
1058 1068 1210 1167 Pelagii·

163 1163 1031 1268 Gregorii,.Cypriani,tlugullini,Hieronymi‚
1055 1169 1210 1259 loturam

165 1273 312 1365 quidem
340 1267 651 1344 sacramentorum
675 1289 784 1346 ‚nou
816 1284 934 1348 autem
962 1271 1100 1346 virtutis
1125 1267 1210 1343 effe·

164 1369 262 1451 cium
285 1365 413 1442 habere
434 1364 667 1462 profitemur,
694 1364 755 1442 nili
781 1365 969 1462 cuminis,
995 1367 1052 1441 uel
1080 1389 1208 1444 eorum

163 1467 397 1550 sacramentis
419 1466 578 1552 imbuti,
613 1487 675 1563 per
709 1489 834 1550 manus
864 1464 1130 1565 impofitiouem
1161 1467 1208 1545 ad
1250 1517 1255 1530 -

163 1566 376 1648 catholicam
405 1566 571 1645 redierint
589 1568 759 1648 unitatem
785 1611 853 1657 „‚‚·
1334 1563 1349 1600 '·
1423 1579 1428 1592 '

215 1666 266 1742 lta
282 1663 513 1762 explicandus
527 1666 575 1741 eli
587 1665 623 1740 dc
637 1667 804 1735 Innocens.
823 1668 855 1745 1.
870 1660 974 1761 Epist.
1000 1675 1056 1752 18.
1078 1687 1153 1766 cap.
1171 1680 1209 1763 3.

163 1788 249 1844 cum
269 1767 317 1848 ait
335 1812 346 1843 .
362 1769 399 1840 in
420 1763 575 1852 Arianis,
588 1763 728 1865 aliisque
743 1761 954 1864 *hujulinodi
980 1765 1132 1860 pellibus
1149 1771 1210 1833 So.
1323 1767 1327 1788 ’

164 1868 233 1937 lum
247 1863 412 1958 Baptisma
434 1883 543 1933 ratum
577 1859 658 1952 effe,
684 1887 751 1944 nec
773 1863 943 1962 Spiritum
972 1863 1125 1944 lendium
1147 1886 1213 1940 cot

164 1964 295 2047 habere
313 1987 357 2044 ex
379 1962 440 2040 illo
457 1962 663 2068 Baptilmate
684 1984 695 2048 t
719 1966 795 2036 Nec
816 1968 893 2033 aare
910 1962 1047 2058 ejusdem
1064 1963 1211 2057 plenitu-

168 2070 276 2135 dinem
303 2059 488 2158 poffe,qrrae
507 2070 649 2134 maxime
676 2067 712 2134 in
737 2060 1005 2134 dedicationibus
1027 2080 1209 2156 operatur,

169 2186 265 2257 quem
284 2178 343 2258 per
361 2169 543 2258 impietatis
558 2163 619 2251 sue
633 2157 806 2259 perfidiam
825 2165 1047 2256 perdideram.
1062 2231 1067 2258 2
1084 2161 1210 2241 Sensus
1285 2225 1289 2234 .

166 2265 262 2342 enim
294 2261 381 2340 illios
402 2264 481 2351 est,
511 2261 624 2342 solum
650 2259 823 2361 Baptilma
855 2266 890 2338 in
915 2262 1085 2344 haereticis
1114 2264 1208 2349 illis.

166 2369 251 2442 crim
267 2359 312 2437 ad
330 2359 451 2442 Fidem
476 2363 687 2440 catholicam
713 2377 993 2446 convertuntur,
1007 2361 1074 2439 ell'c
1091 2375 1209 2439 ratum

167 2463 288 2560 quoad
312 2461 512 2548 honorem,
534 2465 706 2561 gradum.
729 2463 1028 2559 &priuilegium
1044 2465 1126 2556 quia
1146 2463 1210 2538 illis
1273 2541 1276 2545 ,

163 2565 328 2648 tribuitur
351 2562 455 2642 locus
484 2567 574 2640 inter
595 2561 726 2639 fideles
748 2612 759 2645 ‚
781 2565 817 2637 dc
835 2564 878 2638 ad
901 2562 1209 2640 Communionent

165 2663 401 2748 admittuntur
425 2677 464 2739 ut
480 2659 612 2742 Fideles
630 2663 730 2747 latet,
757 2684 823 2738 nec
842 2662 1078 2738 detruduntur
1095 2663 1129 2736 in
1148 2686 1210 2738 ot.

167 2756 290 2842 dineffi
314 2758 661 2841 catechumenorum
683 2786 694 2855 ;
716 2785 790 2841 raon
813 2779 931 2837 autern
949 2760 1064 2841 solum
1078 2759 1212 2856 Baptis-

166 2884 227 2937 tna
261 2877 375 2936 ratum
404 2859 471 2937 elle
506 2862 625 2960 quoad
655 2862 875 2939 {obstantiam
903 2860 1139 2944 Sacranrenti,
1173 2859 1212 2941 aa

168 2960 378 3054 spiritualem
404 2964 634 3054 catachresim
654 2984 734 3039 nam
750 2962 786 3036 dc
807 2960 852 3036 lic
871 2976 953 3035 ratae
965 2960 1043 3043 lunt
1057 2957 1213 3037 Ordina-

169 3063 284 3134 tiones
315 3057 416 3136 sacrae
433 3085 444 3153 ;
463 3065 623 3157 quamvis
655 3062 803 3156 spiritus
838 3059 940 3138 santii
964 3109 975 3141 ‚
1003 3058 1071 3134 live
1091 3061 1213 3156 gratiae

166 3157 403 3241 lanllilrcantis
427 3159 685 3255 plenitudinem
700 3160 782 3235 dare
817 3182 891 3235 non
915 3155 1043 3253 polltnt
1075 3158 1213 3263 haereti·

167 3262 202 3334 ci
236 3260 271 3332 in
292 3254 530 3335 Ordinatione
568 3262 641 3336 iis,
673 3262 733 3358 q'ui
768 3257 923 3355 ipsorum
952 3261 1211 3343 communione

168 3357 411 3441 maculanturt
427 3358 514 3435 ficut
533 3382 599 3436 nec
612 3359 781 3456 Spiritum
803 3359 956 3436 lancium
969 3382 1014 3440 ex
1026 3356 1213 3452 Baptismu-

168 3469 206 3534 tc
223 3458 260 3533 in
281 3455 399 3536 heresa
419 3456 576 3557 suscepto
601 3475 823 3555 acceperunt·
853 3458 921 3534 Sed
945 3475 1025 3533 ratae
1040 3482 1114 3533 non
1133 3456 1214 3542 lunt

166 3578 294 3630 eorrrm
323 3552 575 3633 Ordinationes
599 3558 718 3655 quoad
740 3556 942 3637 honorem,
965 3557 1086 3633 locum
1107 3613 1118 3643 ‚
1143 3559 1214 3647 ori-

167 3653 317 3752 elegia,
334 3657 370 3730 dc
394 3656 593 3740 functiones
608 3656 800 3737 sacerdotii
816 3704 825 3735 ‚
840 3656 896 3733 l'eu
910 3657 1093 3733 illinisterii
1106 3678 1117 3746 ;
1132 3659 1215 3753 quia

170 3777 298 3830 corum
324 3753 448 3832 Clerici
477 3757 520 3832 ad
546 3754 667 3831 laicam
701 3755 1008 3835 Conanaunionena
1041 3756 1216 3841 duntaxat

126 3879 128 3883 ·
168 3852 412 3949 suscipiuntur.
433 3911 490 3946 „,‚
520 3848 798 3950 Quamnam)
834 3880 958 3931 eorum
990 3857 1096 3933 laicos
1125 3878 1216 3937 con·

167 3951 285 4028 serios
308 3952 352 4029 ad
377 3952 577 4033 Dominum
601 3954 660 4031 sub
693 3957 847 4052 imagine
882 3956 1100 4050 poenitentiae
1125 4010 1135 4039 ‚
1172 3977 1215 4039 ac

165 4050 271 4127 lacatii
298 4051 444 4145 Spiritus
475 4052 743 4131 sanctificatione
776 4078 836 4151 per
865 4077 988 4130 nsanos
1018 4052 1217 4150 impolitio-

167 4174 252 4226 ncm
275 4149 503 4250 suscipimus,
530 4176 604 4227 non
631 4156 769 4230 ridetur
797 4152 954 4228 Clericos
977 4177 1101 4228 eorum
1128 4176 1213 4231 cunt

166 4249 389 4338 Sacerdotim
425 4270 486 4329 aut
513 4251 693 4328 hlinisterii
718 4252 910 4348 cujuspiam
945 4251 1062 4349 suscipi
1088 4252 1216 4328 debere

165 4349 338 4445 dignitate
362 4398 430 4442 ,‚„·
457 4350 553 4429 Hinc
575 4353 638 4450 Ep,
659 4371 717 4425 22.
736 4378 812 4448 cup·
831 4371 864 4442 3.
886 4409 907 4442 „
923 4408 944 4442 „
971 4351 1109 4446 Nostrae
1123 4375 1209 4429 veto

163 4447 225 4523 lex
246 4450 294 4525 cll
316 4445 474 4529 Ecclefiae
498 4452 665 4548 (inquit)
695 4456 914 4531 vestientibus
939 4453 982 4525 ab
1014 4451 1181 4531 hereticis
1203 4452 1238 4503 ‘-

165 4552 227 4643 qui
252 4566 367 4623 tamen
385 4550 431 4626 illi
459 4555 626 4645 baptizati
649 4550 758 4636 lunt,
790 4576 852 4645 per
873 4575 996 4636 uranus
1016 4550 1216 4646 inaposatio-

164 4671 247 4757 neua
281 4650 404 4735 laicam
440 4670 578 4730 tuntum
611 4656 762 4832 {liuere
786 4653 1123 4750 Coraaruunioncur,
1150 4672 1217 4735 nen

677 4773 692 4846 3
1120 4773 1165 4827 ex
