3200 5375
562 497 579 569 l

91 186 1446 456 u

1297 524 1315 551 l

129 625 136 652 Ι

353 707 991 820 1κᾶωωωωὼὼω·
1088 689 1187 833 ist

407 885 730 1008 uuonan
779 889 918 972 xlv.

140 1041 347 1154 Superiores
366 1047 595 1146 Regularium
614 1072 696 1126 cum
715 1046 794 1148 tpfis
806 1039 997 1149 dispensate
1014 1047 1058 1128 de
1075 1047 1183 1132 interi

189 1156 288 1232 ltiuir
310 1173 385 1229 uon
410 1146 575 1248 pulsuum
598 1148 653 1223 sed
674 1150 787 1226 solum
812 1151 865 1245 jus
887 1150 1017 1228 habent
1043 1150 1185 1244 Episco-

188 1278 240 1351 ρο
258 1249 498 1349 supplicandi,
519 1266 559 1326 ut
573 1248 765 1347 dispensare
782 1249 947 1345 dignetur
963 1305 974 1335 ‚
993 1251 1107 1328 habita
1130 1276 1183 1330 ra·
1275 1263 1306 1329 .'

124 1421 127 1428 .
189 1358 291 1431 tione
311 1341 542 1430 necessitatis,
564 1348 617 1424 vel
640 1345 793 1425 utilitatis
817 1348 973 1425 Ecclesiae
995 1350 1082 1437 luae,
1104 1375 1184 1430 mo.

189 1454 346 1538 dasteri,
366 1450 421 1526 rel
439 1447 595 1525 Ordinis.
624 1445 716 1540 Quae
734 1447 877 1545 quidem
890 1446 1106 1546 'supplicatio
1125 1450 1179 1527 di·

146 1635 154 1646 ,
188 1548 348 1628 mlfforiis
376 1549 482 1625 literit
510 1546 700 1624 inserenda.

187 1722 220 1786 ta
243 1706 429 1801 declaravit
449 1703 539 1782 sacia
556 1697 800 1802 Congregatlo
827 1687 1064 1784 Cardinaliuni
1083 1693 1185 1785 Coti-¹
1284 1804 1287 1810 Ι

199 1808 267 1885 ciiii
279 1807 479 1898 Tridentini
499 1804 735 1902 interpretum
754 1848 767 1886 t
798 1806 882 1881 telte
903 1804 1042 1894 Barbula
1065 1857 1076 1896 ,
1097 1831 1130 1904 p.
1144 1828 1181 1890 aa

140 1914 181 1981 rie
209 1904 344 1996 Officia,
365 1909 408 1978 d
430 1903 585 1997 potestate
610 1906 781 2000 Episcopi.
807 1908 916 2004 llllegt
935 1915 989 1989 18.
1016 1905 1060 1984 Et
1084 1907 1213 1985 Com.

141 2008 264 2088 cllirrm
274 2003 524 2084 Tridentinum
545 2003 637 2081 han'c
655 2003 945 2100 dispensationem
960 2008 1119 2103 judicio,
1143 2006 1182 2083 dd

142 2109 289 2185 arbitrio
308 2104 468 2202 Episcopi
485 2104 618 2200 semper
629 2104 804 2204 relinquit·
830 2104 865 2180 Si
885 2123 1002 2183 autem
1023 2106 1115 2183 Viris
1129 2129 1183 2181 rra

143 2205 276 2306 ligiosrs
309 2206 439 2282 facilius
464 2204 728 2292 interstitiorum
759 2205 876 2280 moraa
909 2210 1096 2284 canonicas
1128 2225 1184 2280 rea

144 2315 287 2384 mittant
300 2299 856 2390 illustrissimi-‚detererendilsrmi
872 2297 1054 2402 Episcopi,
1073 2323 1183 2404 quam
1295 2353 1297 2357 -

142 2403 360 2492 secularibus
378 2404 522 2481 Clericis
534 2451 545 2489 ,
564 2400 686 2491 Getrftr‘
709 2409 737 2479 J.
755 2402 935 2481 Pontificis
961 2410 1105 2482 maximi
1129 2408 1183 2499 iu-
1374 2431 1379 2442 ·

143 2507 301 2591 elicium,
318 2501 580 2601 &exemplum
598 2503 806 2600 sequentur,
819 2506 880 2600 qui
892 2502 1077 2583 interstitia
1091 2510 1183 2583 intet
1268 2539 1271 2544 ·

143 2604 304 2702 lingulot
334 2600 491 2682 Ordines
524 2605 708 2681 monachia
741 2605 934 2691 breviora,
966 2604 1182 2682 secularibus
1319 2635 1325 2642 ·

145 2708 367 2783 diuturniora
387 2704 553 2803 imposuit
575 2714 584 2781 t
607 2744 629 2796 ,-·,
652 2703 746 2798 Quia
769 2703 869 2799 quod
885 2727 1062 2781 annorum
1076 2711 1184 2780 inter·

147 2842 172 2900 ς,
188 2806 278 2881 stitia
306 2803 442 2879 sumant
462 2804 630 2881 collatura
644 2806 766 2887 ‚lancti
784 2800 960 2902 propositi
978 2802 1105 2902 sponte
1130 2804 1186 2882 su·

145 2946 170 2999 ³,
183 2903 300 3003 scepta
320 2906 470 3019 ducetur
496 2898 681 3003 praestitisse
701 2904 850 2983 devotio
874 2945 910 2996 ,-‚.

427 3046 753 3147 REGULA
803 3051 908 3147 XV}

149 3218 305 3318 Ordines
322 3212 509 3332 suscipere,
527 3239 588 3313 aut
616 3224 778 3329 conserte
794 3250 877 3313 ante
904 3220 1123 3334 legitimam.
1150 3224 1188 3313 dt

196 3335 298 3411 sacris
316 3332 523 3412 Canonibus
542 3337 771 3430 oraescriptarn
789 3352 929 3412 aetatem
941 3385 951 3416 ‚
963 3334 1089 3412 suthale
1103 3350 1187 3430 pec·

199 3450 321 3511 catum
346 3434 395 3510 elt
411 3489 421 3519 ,
438 3438 608 3532 gravique
626 3458 733 3531 poena
751 3434 943 3514 seeundum
962 3432 1103 3513 eosdem
1119 3435 1188 3537 Ca·

198 3557 313 3610 nones
339 3532 575 3632 plettendum.

240 3688 385 3767 leticalle
404 3674 590 3777 Tonsurdt
613 3680 835 3788 minoresque
852 3677 1007 3771 Ordines¹
1032 3682 1187 3768 conserti
1245 3680 1391 3758 ordine-r

256 3814 330 3867 non
349 3789 477 3866 debent
496 3794 609 3887 pueris
626 3807 706 3867 ante
718 3814 831 3866 annos
845 3794 1071 3873 discretionis,
1101 3792 1186 3868 Non
1221 3772 1326 3833 dorum
1394 3788 1399 3797 '

152 3889 285 3966 debent
306 3893 440 3988 quippe
457 3891 609 3966 conserti
634 3891 693 3966 nis
713 3894 773 3973 iia,
791 3897 852 3984 qui
875 3914 1019 3984 capaces
1042 3890 1108 3968 sint
1125 3899 1187 3988 per'
1203 3918 1206 3925 ·
1221 3864 1300 3917 ω’·

154 4004 293 4066 aetatem
316 3989 466 4082 eligendi
493 4008 626 4066 certum
641 3991 792 4090 aliquem
809 3996 886 4067 vitae
904 3993 1029 4067 statum
1043 4047 1052 4075 ,
1064 3996 1099 4066 in
1112 4001 1187 4081 uuo

154 4108 330 4185 perpetuo
359 4105 544 4182 maneant3
561 4110 671 4186 porro
694 4094 755 4186 qui
783 4089 943 4166 Tonsura
963 4091 1106 4165 clericali
1124 4094 1189 4163 ini·
1271 4101 1273 4106 '

155 4193 282 4272 riatur,
298 4188 465 4273 seculari,
481 4188 538 4265 seu
553 4189 659 4266 laicali
679 4192 758 4264 vitae
778 4192 978 4267 renuntiat,
1000 4192 1034 4264 de
1050 4192 1193 4264 lanitiod

155 4291 204 4364 ris
222 4293 304 4363 vitae
323 4309 436 4381 genus
457 4289 578 4384 eligit,
598 4288 769 4379 quoDeo
784 4288 919 4366 fidelius
942 4289 1074 4365 serviat·
1097 4289 1197 4382 Qua⁴

156 4391 323 4466 mobrem
346 4404 427 4463 ante
443 4391 622 4464 decimum
641 4408 828 4486 quartum,
851 4404 911 4465 aut
933 4406 1028 4463 certe
1059 4390 1197 4464 drudo

157 4492 292 4566 cimum
304 4491 555 4565 aetatisannum
568 4488 727 4565 Tonsura
744 4489 888 4565 clericali
902 4512 1030 4585 pueros
1042 4511 1112 4563 non
1131 4492 1200 4563 ini·

158 4592 235 4666 tiari
256 4586 473 4664 conveniens
494 4586 598 4673 elset;
614 4588 712 4686 quod
725 4589 761 4663 δι
776 4587 941 4684 Episcopi
962 4590 1115 4685 plerique
1141 4610 1201 4662 rc:

91 4745 93 4749 -
159 4686 355 4767 olellailicae
376 4688 561 4786 disciplina
587 4687 817 4767 studiosrllrmi
844 4690 976 4766 statutis
994 4687 1058 4765 suis
1084 4693 1202 4783 lyaeo·

545 4839 547 4844 ·
586 4787 631 4868 M
657 4806 680 4868 2
717 4860 720 4864 .
1018 4788 1152 4862 dalibua
