3200 5375
258 773 266 784 ,
350 669 421 763 De
449 669 720 783 Sacramento
743 666 930 782 Ordinis,
1094 607 1217 792 'eus

131 854 266 941 irorum
292 867 416 921 verum
443 841 643 921 dominium
669 842 824 939 habent3
850 843 947 923 unde
963 866 1008 922 ex
1030 844 1099 945 ipsa
1119 870 1179 923 te«
1254 914 1256 917 ⁴
1399 863 1402 868 ’

108 971 215 1033 ·rum
242 943 452 1025 conditione
477 965 552 1019 non
578 944 782 1042 obligantur
805 960 879 1030 ,ut
900 968 939 1022 ea
958 943 1029 1021 aliis
1053 946 1145 1023 cons
1161 992 1179 1014 ·

136 1064 243 1123 rant,
268 1042 323 1119 sed
359 1040 504 1139 possunt
530 1067 593 1130 ea,
613 1046 668 1122 vel
703 1042 763 1120 srbi
788 1049 963 1129 retinere.
991 1044 1048 1123 tel
1071 1048 1187 1130 etiam,

137 1147 211 1233 aliis
229 1167 296 1244 pro
319 1143 420 1224 libitu
440 1142 600 1240 elargiri3
622 1139 766 1239 possunt
785 1157 904 1221 tamen
923 1146 1106 1236 incorum
1125 1145 1180 1220 di·

139 1246 355 1343 spensarione
376 1266 521 1342 peccare
535 1258 681 1341 propter
692 1242 993 1320 inordinationem
1015 1241 1179 1344 affee‘ius.
1375 1284 1395 1321 „1
1446 1333 1452 1344 ¹

136 1368 201 1451 per
225 1367 334 1441 quam
355 1345 555 1437 contingit,
580 1340 681 1438 quod
702 1342 756 1417 rel
777 1341 838 1420 stbi
852 1342 951 1440 plura
972 1341 1181 1436 conserant,
1325 1343 1330 1358 ’

95 1529 99 1541 ,
137 1468 246 1542 quam
273 1458 462 1538 oporteat,
490 1440 544 1516 vel
567 1442 638 1527 aliis
659 1443 764 1520 etiam
787 1466 863 1518 uon
882 1442 1107 1525 subveniant,
1130 1440 1183 1518 se-

137 1545 298 1627 cundum
320 1539 421 1641 quod
443 1542 585 1639 requirit
610 1540 772 1620 debitum
795 1540 985 1623 chariratis.
1012 1540 1101 1625 Non
1131 1558 1184 1623 ta-
1261 1551 1264 1558 '

138 1668 221 1746 rnen
246 1655 411 1725 tenentur
430 1637 475 1720 ad
494 1640 778 1727 restitutionem,
802 1643 884 1739 quia
905 1640 1106 1735 hujusmodi
1127 1665 1183 1738 rep

140 1742 220 1833 suut
240 1764 364 1832 eorum
386 1740 548 1821 dominio
566 1739 754 1835 deputatae·
779 1738 848 1816 Sed
870 1738 1179 1831 ecclesiasticorum

142 1845 325 1924 bonorum
349 1838 427 1920 sunt
456 1858 705 1938 procuratores
725 1895 735 1925 ‚
755 1840 811 1916 vel
835 1839 1094 1937 dispensatores.
1125 1839 1181 1940 Ad

141 1941 413 2036 dispensatorem
438 1955 559 2018 autem·
579 1942 766 2037 requiritur
792 1942 886 2016 bona
914 1937 1033 2027 fides,
1059 1938 1184 2017 secum
1274 1942 1283 1963 ⁸

140 2043 227 2117 dum
255 2039 340 2115 illud
373 2062 401 2109 ι.
423 2038 466 2118 ad
492 2037 576 2116 Cor.
593 2059 628 2131 4.
657 2041 725 2108 Hic
740 2040 813 2131 jem
837 2042 995 2135 queritur
1019 2041 1108 2112 iuret
1130 2041 1183 2115 ri·

137 2139 355 2241 suenfiuorrr,
373 2156 410 2208 ut
419 2133 527 2223 fidelis
543 2145 616 2232 quis
636 2131 838 2215 r'uueuiartrr.
866 2136 958 2215 Sunt
977 2156 1096 2220 autem
1117 2139 1185 2214 bo.

142 2264 188 2323 na
221 2237 444 2338 ecclesistico
481 2261 556 2316 uon
580 2236 697 2319 solum
723 2240 760 2313 lu
787 2237 866 2316 usus
889 2262 1109 2337 pauperum,
1126 2236 1186 2316 sed

143 2341 248 2420 etiam
279 2337 322 2423 ad
343 2338 481 2432 cultum
509 2337 694 2424 ruvinum,
714 2340 750 2414 δι
773 2336 986 2422 necessitates
1008 2338 1185 2420 ministro·

140 2462 222 2519 runt
242 2438 527 2535 expendendo...
556 2435 594 2512 Si
611 2461 698 2534 ergo
719 2437 873 2521 distincla
890 2436 958 2515 siut
977 2440 1185 2535 boumque
1216 2530 1219 2537 Ι
1291 2533 1293 2537 ⁴

131 2538 274 2615 ,debent
295 2539 332 2617 in
354 2535 453 2618 usum
478 2530 640 2633 Episcopi
665 2536 788 2619 cedere
809 2537 881 2622 ,ab
903 2536 979 2621 his,
998 2561 1077 2633 quae
1105 2538 1186 2626 sunt

141 2640 353 2737 pauperibus
368 2636 432 2723 ,δι
460 2636 619 2713 ministris
633 2638 695 2714 2&
718 2635 830 2722 cultui
849 2634 1007 2717 Ecclesrae
1032 2660 1186 2735 erogan·
1316 2660 1318 2664 ·

142 2738 208 2822 da,
220 2740 258 2817 ’δι
274 2735 443 2834 staliquid
463 2733 525 2813 fibi
540 2738 721 2812 retinuerit
739 2732 928 2832 Episcopus
945 2737 989 2812 de
1011 2735 1086 2820 his,
1103 2759 1187 2834 quae

118 2835 224 2939 'sunt
248 2839 456 2931 pauperibus
478 2835 656 2928 eroganda
680 2890 691 2919 .
712 2835 768 2921 trel
796 2837 901 2910 etiarn
925 2837 960 2910 in
993 2835 1093 2916 usum
1119 2837 1185 2915 mi·

141 2935 358 3021 pilleorum,
373 2949 433 3014 aui
454 2936 639 3017 incultum
657 2934 818 3013 diuinum
836 2932 1093 3033 expeudeuda3
1110 2958 1186 3013 nou
1451 3015 1454 3023 ,

145 3034 196 3111 est
216 3033 494 3134 dubium‚quiu
531 3049 657 3118 contra
686 3031 792 3114 fidem
810 3032 1069 3130 dispensationis
1093 3037 1186 3129 agit.
1301 3052 1309 3066 ‘

143 3135 181 3214 &
215 3134 407 3217 mortaliter
434 3148 584 3233 peccat,
611 3136 647 3210 &
683 3135 726 3209 ad
750 3133 1006 3212 restitutionem
1034 3130 1187 3210 tenetur.
1258 3152 1262 3163 ·

142 3231 204 3318 De
223 3233 276 3308 lais
297 3249 437 3320 autem.
467 3257 545 3330 quae
575 3233 653 3318 sunt
671 3232 860 3335 specialiter
889 3232 952 3311 suo
976 3233 1049 3333 usui
1075 3234 1188 3327 depu-

144 3347 217 3416 tata
235 3388 245 3417 ‚
266 3331 405 3419 ridetur
427 3330 493 3415 else
513 3332 637 3415 eadem.
656 3337 766 3420 ratio,
782 3355 861 3430 quae
884 3334 931 3410 est
952 3335 1101 3429 propriis
1121 3336 1188 3409 bu·

92 3481 97 3495 ι
143 3434 223 3512 nir3
245 3448 285 3514 ut
308 3431 435 3518 scilicet
459 3453 605 3532 propter
634 3433 909 3524 immoderatum
936 3430 1122 3518 affetluru,
1150 3431 1188 3517 Se

143 3529 247 3612 usum
273 3547 397 3633 peccet
420 3534 593 3628 quidem,
618 3532 645 3614 st.
669 3533 899 3608 immoderata
923 3529 984 3608 fibi
1018 3534 1191 3616 retineat,

144 3631 182 3710 &
208 3630 279 3714 aliis
309 3654 386 3709 non
402 3629 601 3716 subveniat,
628 3631 714 3710 stcut
742 3635 887 3729 requirit
913 3632 1071 3708 debitum
1104 3630 1188 3713 chn-
1226 3676 1232 3683 -·

145 3731 267 3813 citatis.
295 3728 330 3805 Si
354 3753 439 3808 vcro
463 3755 541 3810 nort,
560 3730 626 3807 fint
646 3730 804 3825 praedicla
819 3732 912 3805 bona
931 3731 1106 3814 distinrla,
1124 3754 1188 3813 eo·

146 3851 227 3908 rum
256 3828 451 3906 distributio
465 3829 545 3913 fidei
563 3831 636 3924 eius
662 3831 909 3907 committitur·
938 3827 981 3906 lt
1004 3827 1191 3926 fiquideut

128 3929 186 4029 in,
207 3928 358 4006 modico
375 3926 511 4007 deficiat
537 3984 546 4011 ‚
576 3929 628 4004 vel
656 3928 947 4024 superabundet.
975 3929 1090 4020 potest
1115 3928 1194 4009 hoo

146 4024 221 4111 fieri
244 4030 285 4102 ab
307 4053 372 4104 ¹ue
391 4029 494 4107 bonae
515 4027 597 4106 fidei
617 4027 844 4103 detrimento·
870 4026 904 4100 Si
926 4051 1010 4105 reto
1035 4025 1075 4101 fit
1096 4027 1191 4113 mul·
1236 4022 1243 4045 '

131 4141 202 4210 ‚tus
225 4148 314 4209 exce
366 4151 403 4209 s,
424 4151 496 4201 non
523 4127 637 4219 potest
657 4127 785 4220 latete3
808 4124 900 4201 uude
925 4125 1060 4200 videtur
1085 4127 1191 4206 braum

145 4223 231 4310 fidei
264 4249 459 4397 {epuguare
484 4228 549 4318 3&
587 4227 667 4309 ideo
705 4250 779 4309 nou
810 4226 861 4306 est
884 4225 1011 4324 absque
1041 4244 1193 4328 peccato
1271 4257 1273 4261 v

144 4331 286 4406 mutat
315 4382 336 4415 2,
358 4382 393 4416 „-
698 4396 724 4414 ..

131 4419 134 4424 ’
196 4421 294 4498 idem
321 4429 429 4500 uocet
451 4416 717 4518 Qsodtbetoo.
745 4445 827 4521 q·7-.
850 4439 914 4503 art.
935 4445 963 4500 1·
987 4480 1042 4515 ,‚„
1070 4420 1194 4505 Bono-

144 4544 225 4596 tutu
256 4527 421 4619 (iuquit)
457 4525 779 4622 patrimoniolium,
808 4524 861 4598 vel
885 4525 980 4598 licite
1004 4521 1195 4622 acquifito«

146 4623 378 4710 rumhostlo
393 4625 440 4707 est
461 4649 538 4707 lero
566 4628 784 4703 domiuus...
816 4623 1000 4702 Bonorum
1026 4648 1109 4699 uero
1133 4646 1194 4707 ec-

621 4722 655 4808 s
679 4743 705 4816 4
1072 4721 1145 4804 cle*
