3200 5375
91 186 1458 422 —

345 716 415 807 De
441 712 662 807 Beneficiis
683 673 997 819 Eccleliasticisi'
1104 745 1181 830 371

138 890 310 969 danicum
325 889 527 965 conletatur
552 888 706 988 fingulis.
732 891 847 985 Quod
868 896 1011 992 quidem
1032 889 1116 968 fiad
1134 896 1191 969 vi·-

139 1009 213 1067 tnm
247 992 319 1083 ejus
344 987 492 1068 honelle
522 986 778 1068 sustentandam
804 1015 877 1066 non
909 989 1063 1076 l'uffieit,
1082 991 1193 1071 licent

138 1090 372 1165 nihilominus
414 1087 508 1163 aliud
547 1090 696 1187 simplex
735 1087 943 1177 sufficiens,
980 1091 1185 1170 dummodo
1317 1132 1322 1136 ·

138 1212 333 1287 utrumque
375 1186 592 1281 personalem
629 1189 851 1268 reddendam
884 1214 961 1269 nou
1002 1196 1186 1290 requirat·
1289 1266 1293 1276 .

139 1294 255 1367 eidem
279 1288 442 1365 conferre
467 1342 490 1377 „
509 1336 545 1377 ‚,.
1245 1283 1252 1295 '

190 1388 396 1465 Concilium
434 1386 704 1476 Mechlinense,
743 1412 840 1466 anno
868 1400 973 1480 1607·
1020 1387 1110 1466 titul·
1128 1404 1186 1476 19.

141 1511 218 1575 cao·
237 1511 268 1574 i·
288 1543 343 1579 „„
373 1485 732 1581 munitumque)
761 1488 1016 1565 beneficiorum
1044 1492 1080 1564 dr
1112 1512 1189 1563 cer·
1210 1580 1215 1588 Ι,

139 1604 219 1667 torn
241 1592 404 1663 continet
428 1591 623 1663 animarum
643 1588 838 1685 pericolum
858 1593 918 1673 ,dr
941 1590 1051 1665 totius
1077 1585 1188 1665 Ordi-

141 1693 196 1764 nis
220 1685 435 1764 ecclellostici
459 1686 635 1782 perversio
659 1690 707 1765 est
731 1708 739 1776 ;
765 1685 918 1787 ideoque
947 1690 1090 1765 mundar
1110 1687 1188 1767 haec

140 1784 308 1887 Synodus
346 1785 464 1862 exacte
490 1786 613 1861 seruari
639 1834 650 1873 ,
676 1787 850 1886 quidquid
887 1790 932 1864 de
956 1813 995 1865 en
1028 1812 1106 1886 cop·
1134 1792 1188 1871 De,
1223 1787 1225 1793 '

105 1956 110 1970 ,
142 1888 372 1962 nrultlmo
399 1891 436 1954 de
464 1886 661 1972 oretenus,
686 1911 728 1965 ac
754 1891 882 1964 inullis
906 1889 1004 1964 lactis
1030 1884 1190 1968 Canoni-¹

143 1990 237 2065 bos.
262 1985 299 2061 δι
327 1984 513 2080 presertim
539 1992 574 2063 in
610 1985 705 2073 luero
732 1986 901 2067 Concilio
919 1988 1021 2067 Trid.
1044 2037 1056 2073 ,
1082 1990 1190 2066 lietu·

144 2102 223 2171 tum
240 2109 260 2171 ‚·
278 2088 314 2161 dt
344 2086 527 2163 decretum
549 2086 598 2161 est
623 2143 644 2178 „
660 2143 696 2181 ,μ

341 2223 676 2358 nuuorn
727 2271 995 2357 xxvur.

143 2433 301 2517 Plotium
321 2427 577 2515 beneficiorum
599 2432 761 2553 pollellio
782 2436 952 2531 proterio
968 2432 1001 2511 se
1021 2430 1192 2509 deformi·

510 2553 599 2614 tates
624 2553 800 2615 continet.

191 2711 233 2772 ,ta
271 2693 380 2774 docet
417 2699 451 2770 S.
476 2692 616 2766 Times
640 2738 651 2770 ‚
677 2693 987 2786 Quodlibetouo
1017 2691 1137 2792 quaest.
1152 2706 1190 2782 7.
1206 2691 1366 2785 multiplex

208 2808 271 2872 art.
286 2819 317 2865 2.
336 2851 393 2887 „„
418 2794 593 2888 Qoaedarn
614 2797 633 2890 (
643 2788 777 2883 inquit)
804 2792 882 2870 lunt
904 2795 1085 2879 otliones,
1110 2814 1188 2890 qoae
1205 2772 1375 2908 l¹⁰f⁰f⁰¹¹jiff

147 2898 193 2971 de
216 2897 248 2970 le
268 2894 501 2972 indifferentes
523 2896 601 2972 lunt
630 2896 672 2970 od
696 2898 856 2978 bonum.
883 2895 936 2969 vel
958 2893 1114 2972 malum;
1137 2894 1190 2966 io·
1204 2868 1271 2985 {22
1283 2866 1395 2991 ξὲἶζῃ
1423 2945 1425 2953 -

147 3012 364 3090 torquatum
379 3021 567 3072 numerum
585 2996 728 3089 quidam
745 2994 959 3090 computant
972 2991 1098 3068 habere
1112 2989 1191 3086 plo·
1206 3002 1331 3064 ciorum.

145 3119 201 3171 res
231 3096 454 3188 prebendas,
484 3095 664 3172 dicentes:
686 3097 892 3167 Italicuum
918 3091 961 3172 erl
984 3089 1100 3162 habere
1116 3095 1192 3182 pta.

146 3219 198 3266 res
219 3195 420 3284 prebendas,
437 3192 520 3281 ficut
542 3193 659 3265 ualere
676 3197 771 3285 plura
794 3216 898 3288 poma.
926 3191 994 3269 Sed
1017 3192 1089 3270 hoc
1114 3213 1191 3266 non

148 3295 286 3371 videtur
310 3292 377 3370 elle
403 3319 523 3373 verum
538 3351 548 3382 ‚
564 3319 647 3371 com
660 3294 753 3381 hoc¹
771 3295 870 3392 quod
893 3294 944 3372 est
963 3293 1091 3369 habete
1110 3290 1194 3388 plu·

146 3418 202 3472 res
230 3394 431 3489 praebendas
456 3439 467 3473 ‚
489 3396 656 3491 plurimrs
682 3400 718 3471 in
739 3394 773 3470 se
796 3395 1074 3472 inordinationes
1099 3415 1190 3467 con·

147 3498 255 3571 tinent
266 3498 279 3569 i
292 3511 419 3591 utpote
438 3519 518 3591 qum
537 3521 609 3571 non
630 3497 679 3572 eil
700 3492 856 3593 pollibile
880 3496 1033 3591 aliquem
1054 3497 1089 3569 in
1112 3491 1191 3585 olu-
1258 3519 1260 3522 ·

145 3596 243 3671 ribos
263 3588 422 3697 Eccielriq
439 3596 632 3680 desereire,
649 3600 686 3670 in
705 3602 832 3690 quibus
852 3595 900 3671 eil
923 3595 1191 3693 praebendatos.

147 3712 232 3772 cum
257 3693 455 3794 praebendae
476 3696 659 3771 videantur
691 3694 758 3771 elle
783 3696 951 3789 ordinator
978 3692 1073 3791 quali
1097 3714 1192 3786 qqae·

147 3794 230 3869 dum
252 3794 418 3890 llipendio
447 3793 529 3870 Deo
557 3796 688 3870 ibidem
712 3796 994 3872 ministrantium.
1025 3791 1191 3887 Sequitur

147 3895 253 3968 etium
280 3896 470 3970 diminutio
494 3895 610 3971 cultus
635 3895 870 3976 divini2dum
897 3916 986 3970 unus
1007 3892 1090 3968 loco
1114 3891 1192 3984 plu·

147 3997 241 4069 rium
263 3995 462 4070 instituitur·
492 3994 657 4090 Sequitur
675 3997 779 4069 etiam
804 3997 839 4067 in
861 3993 1033 4090 aliquibus
1054 3990 1195 4064 defruu-

149 4095 248 4168 datio
269 4094 494 4170 voluntatum
514 4096 743 4178 tellutorunr,
765 4094 825 4188 qui
846 4091 977 4167 adhoc
998 4092 1111 4179 aliqua
1126 4091 1199 4163 bom

148 4215 194 4266 no
220 4190 376 4269 Eccieliis
394 4193 643 4269 contulerunt,
663 4214 701 4269 ut
719 4215 834 4268 certus
849 4209 1014 4266 numerus
1039 4189 1118 4264 Deo
1131 4188 1192 4260 de·

148 4290 374 4370 seruientium
411 4296 456 4367 ibi
482 4291 577 4369 ellet.
619 4293 919 4391 Sequituretiam
954 4287 1190 4383 inaequalius.

148 4390 236 4466 dum
255 4417 345 4468 unm
372 4393 527 4491 pluribus
554 4392 728 4469 beneficiis
751 4391 936 4475 abundat,
958 4391 994 4467 &
1018 4390 1102 4465 nlius
1125 4406 1197 4463 nec

149 4515 261 4566 rmum
291 4493 420 4570 habere
446 4493 636 4584 ootellsdr
660 4495 769 4569 multu
784 4495 847 4567 alia
871 4489 1095 4586 huiusmodi,
1110 4509 1192 4585 quae

148 4591 194 4664 de
223 4594 313 4669 lircili
347 4614 496 4690 putent3
527 4596 621 4693 unde
654 4618 728 4670 non
757 4592 873 4692 potest
894 4593 1069 4669 contineri
1100 4590 1192 4665 inter

148 4690 389 4771 indifferentes
417 4691 570 4771 tilloneo
601 4694 670 4781 ;&
702 4695 819 4773 molto
851 4694 968 4770 nunus
990 4696 1079 4767 inter
1110 4706 1205 4771 em

607 4801 634 4867 rl
665 4813 729 4874 art
1066 4810 1146 4885 qur:
