3200 5375
130 186 134 376 Ι
425 375 432 386 ι

758 419 762 430 ι

1221 453 1233 467 n

221 693 225 702 ·
355 665 428 757 De
456 662 725 757 Sacramento
753 663 1008 757 Ordinis·
1136 690 1190 772 91

137 841 227 925 ficali
244 850 400 920 notatur
421 836 466 914 nd
488 838 640 915 modum
654 835 872 914 Praefationlr
883 892 894 924 ,
906 836 956 913 est
968 837 1113 915 materia
1128 891 1140 921 .
1157 835 1197 917 ἀ

140 947 258 1025 sorma
282 935 467 1018 essentialis
479 936 749 1036 Presbyteratus·
786 934 956 1036 Denique
969 936 1076 1016 Cone
1097 935 1200 1016 Trido

137 1044 304 1124 eamdem
318 1038 525 1115 sententiam
536 1036 727 1113 confirmat
739 1035 822 1113 Sels·
841 1057 894 1129 14
906 1060 984 1134 cap·
999 1059 1013 1116 s
1029 1094 1037 1113 .
1053 1040 1112 1117 ubi
1124 1038 1198 1117 Ex-

141 1164 267 1226 tremae
280 1137 471 1220 Unotonis
486 1136 667 1213 Ministros
678 1136 787 1215 docet
798 1136 866 1216 else
876 1138 969 1215 solos
979 1133 1173 1237 Episcopos
1189 1157 1202 1213 t

137 1255 211 1324 olet
226 1241 422 1314 Sacerdotes
435 1235 477 1306 ab
499 1234 574 1330 ipfis
600 1242 666 1307 rite
690 1242 858 1308 ordinatos
880 1256 939 1328 per
961 1236 1196 1332 impofttiontm

138 1363 295 1418 mum
315 1334 529 1432 nesoyeern.
559 1334 659 1413 Prior
681 1338 787 1434 igitur
801 1337 858 1414 illa
881 1357 1051 1414 manuum
1077 1342 1196 1438 impo·

141 1445 221 1525 fitlo
239 1445 288 1519 ab
300 1435 480 1538 Episcopo
497 1490 506 1516 ‚
521 1438 557 1511 &
572 1436 700 1512 deinde
722 1441 766 1513 ab
789 1442 957 1514 omnibus
979 1435 1197 1535 Presbyteris

142 1543 389 1625 adfistentibus
407 1538 493 1614 sassa
521 1537 622 1635 snper
640 1553 748 1632 caput
769 1537 956 1634 cujuslibet
977 1540 1194 1628 ordinandi,

140 1651 258 1725 omem
277 1643 434 1718 materiae
461 1634 1029 1733 subit,0rotioad1'unciavicem
1048 1640 1198 1724 formes
1294 1653 1298 1666 ·

140 1763 175 1826 at
200 1770 248 1823 ue
258 1744 305 1819 ad
319 1741 541 1818 lisbslantiam
552 1736 782 1813 Sacerdotalis
793 1739 1025 1814 ordinationis
1036 1742 1200 1834 pertineo

173 1769 233 1924 ll·
263 1841 347 1918 Post
365 1839 460 1916 hanc
481 1859 652 1913 manuum
685 1836 952 1934 impolitionem
978 1881 989 1915 2
1012 1841 1048 1914 &
1070 1840 1199 1935 adjun-

140 1945 208 2024 aas
224 1940 446 2024 Orationes,
468 1935 662 2035 Episcopus
683 1936 819 2013 Stolam
843 1936 998 2015 humeris
1018 1935 1200 2017 Ordinan-

142 2048 278 2124 dornm
300 2061 425 2136 aptans
451 2061 557 2117 ‚eam
586 2052 668 2111 ante
687 2037 808 2132 peslus
840 2039 877 2112 ln
901 2039 1053 2115 sormam
1070 2039 1198 2117 Crocia

144 2145 340 2240 componit
366 2162 380 2230 ς
402 2153 480 2239 qno
506 2141 575 2212 ritu
598 2136 788 2220 declarat,
810 2135 1040 2215 Sacerdotem
1065 2143 1197 2218 virtute

144 2246 245 2324 indui
267 2258 317 2319 ex
336 2240 429 2321 olto,
442 2261 512 2337 qua
532 2234 636 2335 polilt
648 2248 793 2313 crucem
812 2236 950 2315 -Christi
966 2238 1115 2316 Domini
1131 2242 1194 2327 ,ἀ

143 2338 531 2444 iugumsuavedivinae
547 2335 1193 2437 Legisperserrneamquenonoerbio
1308 2350 1310 2354 '
1404 2371 1408 2386 ·

140 2446 257 2523 solum
271 2439 349 2517 ‚sed
372 2439 409 2515 δι
433 2440 514 2514 vita
534 2433 759 2519 sanslilllme,
780 2438 817 2511 δι
845 2436 1079 2516 honestissima
1101 2441 1192 2518 alla

140 2535 914 2737 tsffdlm‘lsz‘neslltllilislt·
927 2538 1188 2735 stellulis}
1302 2537 1304 2540 Ι

570 2683 580 2724 l
809 2692 819 2722 s
903 2688 913 2715 ⁴

141 2748 288 2820 Domini
299 2772 312 2820 ‚-
322 2739 439 2834 jugum
459 2742 546 2809 enim
559 2736 629 2829 epioe
642 2734 746 2822 furve
761 2734 827 2821 cll,
843 2743 886 2826 (5
904 2763 984 2809 onus
1004 2732 1073 2831 rjos
1105 2747 1192 2815 love·

141 2839 286 2945 jugum
310 2839 503 2937 appellatur
541 2839 694 2933 potestas
717 2838 951 2914 excellentior
971 2877 984 2918 s
1001 2862 1109 2938 quam
1137 2860 1193 2917 re·
1305 2880 1309 2889 ·

145 2944 240 3042 cipit
262 2936 514 3022 Ordinandos,
539 2943 621 3035 quia
639 2942 674 3011 in
688 2934 836 3013 Ecclesia
857 2936 927 3016 Dei
941 2957 1079 3037 quanto
1100 2941 1194 3039 qtris·

140 3066 217 3143 qne
246 3041 421 3137 dignitate
442 3037 625 3116 sublimior
642 3038 709 3123 est,
726 3053 829 3114 tanto
851 3037 1017 3116 humilior
1037 3036 1104 3117 elie
1128 3043 1191 3118 de·

141 3146 228 3231 ba,
250 3165 295 3218 ac
315 3138 513 3234 snbjesiior·
539 3135 621 3232 Qua
641 3151 728 3212 nota
750 3137 975 3216 ecclesiastica
997 3142 1148 3236 potestas
1170 3164 1191 3219 a

147 3244 235 3322 laica
275 3240 535 3337 distinguitur,
577 3235 770 3314 secundum
798 3237 853 3314 illa
889 3237 1018 3316 Christi
1050 3247 1195 3320 verbor

145 3346 255 3437 Reges
273 3345 423 3434 gentium
442 3341 651 3409 dominentur
671 3338 805 3418 corono,n
823 3338 858 3410 V
855 3363 889 3408 os
896 3356 1004 3410 autem
1018 3362 1078 3410 non
1086 3338 1140 3430 fic.

197 3430 262 3521 lll
292 3434 454 3537 lmponit
467 3436 597 3514 deinde
610 3424 805 3538 Episcopus
818 3439 964 3518 cuilibet
982 3432 1199 3520 Ordinando

148 3537 339 3623 snccesfive
357 3538 507 3617 casulam
527 3536 635 3637 usque
669 3539 712 3613 ad
732 3540 908 3635 scopulos,
926 3563 1033 3638 quam
1052 3545 1200 3642 quilibet

146 3656 250 3720 tenet
268 3641 372 3736 super
391 3639 561 3715 humeros
584 3641 856 3735 complicatam,
875 3663 894 3714 a
913 3658 1011 3737 porte
1028 3644 1200 3721 anteriori

145 3741 315 3822 deorsum
354 3738 615 3835 dependentem
643 3791 653 3824 ,
679 3737 822 3835 lingulis
848 3740 993 3832 dicens3
1016 3783 1040 3832 3,
1069 3746 1199 3844 Accipe

147 3894 173 3939 ,‚
192 3841 329 3918 testem
349 3838 633 3925 sacerdotalem,
675 3860 712 3913 er
732 3857 841 3937 quam
863 3841 1011 3916 charitas
1033 3843 1198 3942 intelligi.

145 3998 170 4037 „
189 3960 273 4035 tnr3
297 3958 426 4037 potens
449 3939 499 4014 est
521 3941 614 4014 enim
645 3862 743 4016 Bous
757 3986 767 4025 ‚
783 3955 824 4014 ut
844 3955 971 4033 augeat
997 3943 1061 4018 tibi
1084 3943 1198 4019 chari·

147 4094 172 4136 „
188 4058 325 4127 tatem,
347 4043 385 4114 δι
409 4061 502 4135 opus
522 4037 715 4135 pericolum
735 4083 771 4130 o·
796 4036 1011 4117 charitatem
1029 4065 1117 4136 ergo
1137 4066 1196 4120 ca-

146 4141 220 4220 sola
244 4137 442 4237 significan
464 4142 557 4236 quia
573 4162 659 4214 vero
680 4139 827 4214 charitas
849 4138 970 4216 Deum
994 4142 1135 4229 versus,
1158 4145 1197 4220 δι

149 4246 363 4341 proximum
385 4239 528 4314 extendi
548 4236 674 4323 debet,
694 4263 712 4312 a
736 4256 832 4333 parte
852 4245 1016 4316 anteriori
1041 4246 1195 4338 primum

142 4343 371 4442 explicatur,
388 4363 463 4437 quo
479 4337 691 4434 significatur
704 4339 846 4415 all'edlus
862 4343 897 4414 in
914 4339 1058 4435 Deum;
1079 4344 1199 4440 postea

147 4442 348 4540 explicatur
372 4464 391 4512 a
412 4457 509 4535 parte
526 4438 731 4536 posteriori,
750 4463 826 4536 quo
846 4440 988 4518 affeslus
1010 4465 1093 4537 erga
1115 4467 1198 4539 pro·
1267 4443 1269 4447 ’

146 4547 290 4618 xinmm
327 4538 515 4619 indicator.
721 4570 725 4579 ·

199 4639 265 4726 lV.
288 4634 374 4715 Post
397 4639 499 4719 haec,
520 4661 643 4717 manus
665 4632 964 4718 ordinandorum
986 4639 1197 4719 sacro—Osco

187 4786 200 4804 a,
1099 4763 1153 4818 m·

1206 3299 1384 3386 laetias.
